<?xml version="1.0" encoding="UTF-8"?>
<!DOCTYPE html PUBLIC "-//W3C//DTD XHTML 1.0 Transitional//EN"
    "http://www.w3.org/TR/xhtml1/DTD/xhtml1-transitional.dtd">
<html xmlns="http://www.w3.org/1999/xhtml" xml:lang="en" lang="en">
 <head>
  <title>
</title>
<meta http-equiv="Content-Type" content="text/html;charset=utf-8" />
  <meta name='ocr-system' content='tesseract 3.04.00' />
  <meta name='ocr-capabilities' content='ocr_page ocr_carea ocr_par ocr_line ocrx_word'/>
</head>
<body>
  <div class='ocr_page' id='page_1' title='image "./historiaecclesia02stap_0112.png"; bbox 0 0 2535 3448; ppageno 0'>
   <div class='ocr_carea' id='block_1_1' title="bbox 198 156 2401 235">
    <p class='ocr_par' dir='ltr' id='par_1_1' title="bbox 198 156 2401 235">
     <span class='ocr_line' id='line_1_1' title="bbox 198 156 2401 235; baseline -0 -21"><span class='ocrx_word' id='word_1_1' title='bbox 198 176 262 227; x_wconf 76' lang='lat'><strong>48</strong></span> <span class='ocrx_word' id='word_1_2' title='bbox 823 161 967 215; x_wconf 63' lang='lat' dir='ltr'><strong>nom</strong></span> <span class='ocrx_word' id='word_1_3' title='bbox 989 157 1353 235; x_wconf 60' lang='grc' dir='ltr'><strong>δτιὶιςιβιηδω</strong></span> <span class='ocrx_word' id='word_1_4' title='bbox 1373 158 1570 217; x_wconf 88' lang='lat' dir='ltr'><strong>Secu10,</strong></span> <span class='ocrx_word' id='word_1_5' title='bbox 1608 159 1751 209; x_wconf 79' lang='lat'><strong>1266.</strong></span> <span class='ocrx_word' id='word_1_6' title='bbox 2089 161 2308 222; x_wconf 80' lang='lat' dir='ltr'><strong>3Period.</strong></span> <span class='ocrx_word' id='word_1_7' title='bbox 2394 156 2401 201; x_wconf 84' lang='grc' dir='ltr'>ἶ</span> 
     </span>
    </p>
   </div>
   <div class='ocr_carea' id='block_1_2' title="bbox 2232 244 2374 261">
    <p class='ocr_par' dir='ltr' id='par_1_2' title="bbox 2232 244 2374 261">
     <span class='ocr_line' id='line_1_2' title="bbox 2232 244 2374 261; baseline -0.007 -7"><span class='ocrx_word' id='word_1_8' title='bbox 2232 244 2374 261; x_wconf 42' lang='grc' dir='ltr'><strong>«ἡ</strong></span> 
     </span>
    </p>
   </div>
   <div class='ocr_carea' id='block_1_3' title="bbox 200 278 2416 1827">
    <p class='ocr_par' dir='ltr' id='par_1_3' title="bbox 200 278 2416 1827">
     <span class='ocr_line' id='line_1_3' title="bbox 200 278 2377 348; baseline -0.006 -7"><span class='ocrx_word' id='word_1_9' title='bbox 200 291 419 342; x_wconf 83' lang='lat' dir='ltr'><strong>Similiter</strong></span> <span class='ocrx_word' id='word_1_10' title='bbox 430 289 536 339; x_wconf 86' lang='lat' dir='ltr'><strong>&amp;in</strong></span> <span class='ocrx_word' id='word_1_11' title='bbox 547 288 620 337; x_wconf 89' lang='lat' dir='ltr'><strong>illa</strong></span> <span class='ocrx_word' id='word_1_12' title='bbox 631 282 874 337; x_wconf 85' lang='lat' dir='ltr'><strong>Parochia,</strong></span> <span class='ocrx_word' id='word_1_13' title='bbox 885 280 933 327; x_wconf 91' lang='lat' dir='ltr'><strong>in</strong></span> <span class='ocrx_word' id='word_1_14' title='bbox 945 293 1118 344; x_wconf 85' lang='lat' dir='ltr'><strong>quares</strong></span> <span class='ocrx_word' id='word_1_15' title='bbox 1131 278 1585 336; x_wconf 22' lang='lat' dir='ltr'><strong>Clericissviolenter</strong></span> <span class='ocrx_word' id='word_1_16' title='bbox 1602 280 1756 330; x_wconf 88' lang='lat' dir='ltr'><strong>ablata</strong></span> <span class='ocrx_word' id='word_1_17' title='bbox 1778 282 1885 348; x_wconf 91' lang='lat' dir='ltr'><strong>capi</strong></span> <span class='ocrx_word' id='word_1_18' title='bbox 1905 281 1984 331; x_wconf 91' lang='lat' dir='ltr'><strong>vel</strong></span> <span class='ocrx_word' id='word_1_19' title='bbox 2006 281 2205 332; x_wconf 82' lang='lat' dir='ltr'><strong>detineri</strong></span> <span class='ocrx_word' id='word_1_20' title='bbox 2223 283 2377 332; x_wconf 90' lang='lat' dir='ltr'><strong>conti-</strong></span> 
     </span>
     <span class='ocr_line' id='line_1_4' title="bbox 203 344 2377 424; baseline -0.006 -16"><span class='ocrx_word' id='word_1_21' title='bbox 203 360 339 424; x_wconf 87' lang='lat' dir='ltr'><strong>gerit,</strong></span> <span class='ocrx_word' id='word_1_22' title='bbox 359 372 505 422; x_wconf 86' lang='lat' dir='ltr'><strong>usque</strong></span> <span class='ocrx_word' id='word_1_23' title='bbox 526 358 583 402; x_wconf 88' lang='lat' dir='ltr'><strong>ad</strong></span> <span class='ocrx_word' id='word_1_24' title='bbox 602 349 945 400; x_wconf 85' lang='lat' dir='ltr'><strong>restitutionem</strong></span> <span class='ocrx_word' id='word_1_25' title='bbox 968 346 1018 395; x_wconf 72' lang='grc' dir='ltr'><strong>ὅ(</strong></span> <span class='ocrx_word' id='word_1_26' title='bbox 1036 344 1413 402; x_wconf 71' lang='lat' dir='ltr'><strong>satisfaffionem,</strong></span> <span class='ocrx_word' id='word_1_27' title='bbox 1435 361 1697 411; x_wconf 85' lang='lat' dir='ltr'>congruam</span> <span class='ocrx_word' id='word_1_28' title='bbox 1719 349 1747 395; x_wconf 71' lang='lat' dir='ltr'><strong>a</strong></span> <span class='ocrx_word' id='word_1_29' title='bbox 1768 350 1936 398; x_wconf 89' lang='lat' dir='ltr'><strong>divinis</strong></span> <span class='ocrx_word' id='word_1_30' title='bbox 1955 347 2168 398; x_wconf 77' lang='lat' dir='ltr'><strong>ceffetur.</strong></span> <span class='ocrx_word' id='word_1_31' title='bbox 2253 349 2377 396; x_wconf 84' lang='lat' dir='ltr'><strong>Item</strong></span> 
     </span>
     <span class='ocr_line' id='line_1_5' title="bbox 205 412 2377 482; baseline -0.007 -6"><span class='ocrx_word' id='word_1_32' title='bbox 205 443 316 476; x_wconf 92' lang='lat' dir='ltr'><strong>cum</strong></span> <span class='ocrx_word' id='word_1_33' title='bbox 349 420 634 473; x_wconf 80' lang='lat' dir='ltr'><strong>matrimonii</strong></span> <span class='ocrx_word' id='word_1_34' title='bbox 656 419 1051 471; x_wconf 65' lang='lat' dir='ltr'><strong>Sacramentum,</strong></span> <span class='ocrx_word' id='word_1_35' title='bbox 1072 429 1172 460; x_wconf 90' lang='lat' dir='ltr'><strong>non</strong></span> <span class='ocrx_word' id='word_1_36' title='bbox 1214 412 1265 460; x_wconf 81' lang='lat' dir='ltr'><strong>sit</strong></span> <span class='ocrx_word' id='word_1_37' title='bbox 1313 412 1668 461; x_wconf 77' lang='lat' dir='ltr'><strong>incontinentiae</strong></span> <span class='ocrx_word' id='word_1_38' title='bbox 1709 417 2056 482; x_wconf 65' lang='lat' dir='ltr'><strong>praecipitium,</strong></span> <span class='ocrx_word' id='word_1_39' title='bbox 2104 415 2183 463; x_wconf 91' lang='lat' dir='ltr'><strong>seu</strong></span> <span class='ocrx_word' id='word_1_40' title='bbox 2215 413 2377 480; x_wconf 84' lang='lat' dir='ltr'><strong>potius</strong></span> 
     </span>
     <span class='ocr_line' id='line_1_6' title="bbox 203 479 2381 549; baseline -0.006 -8"><span class='ocrx_word' id='word_1_41' title='bbox 203 494 463 541; x_wconf 87' lang='lat' dir='ltr'><strong>remedium</strong></span> <span class='ocrx_word' id='word_1_42' title='bbox 486 494 652 535; x_wconf 86' lang='lat' dir='ltr'><strong>contra</strong></span> <span class='ocrx_word' id='word_1_43' title='bbox 670 484 804 539; x_wconf 92' lang='lat' dir='ltr'><strong>illud,</strong></span> <span class='ocrx_word' id='word_1_44' title='bbox 835 497 934 528; x_wconf 92' lang='lat' dir='ltr'><strong>non</strong></span> <span class='ocrx_word' id='word_1_45' title='bbox 952 481 1133 545; x_wconf 80' lang='lat' dir='ltr'><strong>absque</strong></span> <span class='ocrx_word' id='word_1_46' title='bbox 1156 479 1322 527; x_wconf 89' lang='lat' dir='ltr'><strong>dolore</strong></span> <span class='ocrx_word' id='word_1_47' title='bbox 1354 480 1508 527; x_wconf 89' lang='lat' dir='ltr'><strong>cordis</strong></span> <span class='ocrx_word' id='word_1_48' title='bbox 1533 480 1792 533; x_wconf 84' lang='lat' dir='ltr'><strong>audivimus</strong></span> <span class='ocrx_word' id='word_1_49' title='bbox 1822 484 1871 531; x_wconf 90' lang='lat' dir='ltr'><strong>in</strong></span> <span class='ocrx_word' id='word_1_50' title='bbox 1889 483 1979 531; x_wconf 89' lang='lat' dir='ltr'><strong>hac</strong></span> <span class='ocrx_word' id='word_1_51' title='bbox 2001 482 2248 549; x_wconf 87' lang='lat' dir='ltr'><strong>provincia</strong></span> <span class='ocrx_word' id='word_1_52' title='bbox 2269 480 2327 528; x_wconf 87' lang='lat' dir='ltr'><strong>fic</strong></span> <span class='ocrx_word' id='word_1_53' title='bbox 2351 479 2381 526; x_wconf 69' lang='grc' dir='ltr'><strong>εὶ</strong></span> 
     </span>
     <span class='ocr_line' id='line_1_7' title="bbox 205 546 2391 618; baseline -0.006 -12"><span class='ocrx_word' id='word_1_54' title='bbox 205 560 291 609; x_wconf 86' lang='lat' dir='ltr'><strong>suae</strong></span> <span class='ocrx_word' id='word_1_55' title='bbox 312 556 459 605; x_wconf 88' lang='lat' dir='ltr'><strong>carnis</strong></span> <span class='ocrx_word' id='word_1_56' title='bbox 482 553 727 618; x_wconf 86' lang='lat' dir='ltr'><strong>voluptate</strong></span> <span class='ocrx_word' id='word_1_57' title='bbox 741 585 755 607; x_wconf 87' lang='lat'><strong>,</strong></span> <span class='ocrx_word' id='word_1_58' title='bbox 791 548 869 598; x_wconf 92' lang='lat' dir='ltr'><strong>vel</strong></span> <span class='ocrx_word' id='word_1_59' title='bbox 889 556 1075 596; x_wconf 89' lang='lat' dir='ltr'><strong>terrena</strong></span> <span class='ocrx_word' id='word_1_60' title='bbox 1093 547 1349 612; x_wconf 90' lang='lat' dir='ltr'><strong>cupiditate</strong></span> <span class='ocrx_word' id='word_1_61' title='bbox 1373 547 1626 610; x_wconf 84' lang='lat' dir='ltr'><strong>deceptus,</strong></span> <span class='ocrx_word' id='word_1_62' title='bbox 1664 548 1794 611; x_wconf 87' lang='lat' dir='ltr'><strong>quod</strong></span> <span class='ocrx_word' id='word_1_63' title='bbox 1808 550 1859 597; x_wconf 91' lang='lat' dir='ltr'><strong>in</strong></span> <span class='ocrx_word' id='word_1_64' title='bbox 1881 551 2029 615; x_wconf 88' lang='lat' dir='ltr'><strong>gradu</strong></span> <span class='ocrx_word' id='word_1_65' title='bbox 2053 548 2298 614; x_wconf 90' lang='lat' dir='ltr'><strong>prohibito</strong></span> <span class='ocrx_word' id='word_1_66' title='bbox 2317 546 2391 593; x_wconf 79' lang='lat' dir='ltr'><strong>de</strong></span> 
     </span>
     <span class='ocr_line' id='line_1_8' title="bbox 204 613 2381 680; baseline -0.01 -7"><span class='ocrx_word' id='word_1_67' title='bbox 204 624 331 674; x_wconf 61' lang='lat' dir='ltr'><strong>fafito</strong></span> <span class='ocrx_word' id='word_1_68' title='bbox 353 630 532 670; x_wconf 90' lang='lat' dir='ltr'><strong>temere</strong></span> <span class='ocrx_word' id='word_1_69' title='bbox 556 618 912 673; x_wconf 77' lang='lat' dir='ltr'><strong>contrahentes,</strong></span> <span class='ocrx_word' id='word_1_70' title='bbox 933 616 1061 680; x_wconf 87' lang='lat' dir='ltr'><strong>quod</strong></span> <span class='ocrx_word' id='word_1_71' title='bbox 1081 630 1182 662; x_wconf 89' lang='lat' dir='ltr'><strong>non</strong></span> <span class='ocrx_word' id='word_1_72' title='bbox 1204 622 1302 662; x_wconf 91' lang='lat' dir='ltr'><strong>tam</strong></span> <span class='ocrx_word' id='word_1_73' title='bbox 1324 613 1694 669; x_wconf 83' lang='lat' dir='ltr'><strong>matrimonium,</strong></span> <span class='ocrx_word' id='word_1_74' title='bbox 1717 628 1859 677; x_wconf 83' lang='lat' dir='ltr'><strong>quarn</strong></span> <span class='ocrx_word' id='word_1_75' title='bbox 1879 613 2244 664; x_wconf 76' lang='lat' dir='ltr'><strong>contubernium</strong></span> <span class='ocrx_word' id='word_1_76' title='bbox 2270 628 2381 662; x_wconf 80' lang='lat' dir='ltr'><strong>cen.</strong></span> 
     </span>
     <span class='ocr_line' id='line_1_9' title="bbox 205 679 2382 746; baseline -0.006 -7"><span class='ocrx_word' id='word_1_77' title='bbox 205 692 289 740; x_wconf 89' lang='lat' dir='ltr'><strong>seri</strong></span> <span class='ocrx_word' id='word_1_78' title='bbox 303 690 485 746; x_wconf 85' lang='lat' dir='ltr'><strong>dicitur,</strong></span> <span class='ocrx_word' id='word_1_79' title='bbox 499 688 541 736; x_wconf 92' lang='lat' dir='ltr'><strong>se</strong></span> <span class='ocrx_word' id='word_1_80' title='bbox 554 682 1018 736; x_wconf 63' lang='lat' dir='ltr'><strong>incestuosae‘luxuriae</strong></span> <span class='ocrx_word' id='word_1_81' title='bbox 1029 679 1506 744; x_wconf 76' lang='lat' dir='ltr'><strong>vilitati-immergere,</strong></span> <span class='ocrx_word' id='word_1_82' title='bbox 1518 679 1568 729; x_wconf 85' lang='lat'>&amp;</span> <span class='ocrx_word' id='word_1_83' title='bbox 1579 679 1918 729; x_wconf 88' lang='lat' dir='ltr'><strong>sacramentum</strong></span> <span class='ocrx_word' id='word_1_84' title='bbox 1928 682 2382 745; x_wconf 86' lang='lat' dir='ltr'><strong>matrimonii,quan-</strong></span> 
     </span>
     <span class='ocr_line' id='line_1_10' title="bbox 205 737 2384 822; baseline -0.006 -17"><span class='ocrx_word' id='word_1_85' title='bbox 205 769 308 805; x_wconf 89' lang='lat' dir='ltr'><strong>tum</strong></span> <span class='ocrx_word' id='word_1_86' title='bbox 321 758 370 804; x_wconf 91' lang='lat' dir='ltr'><strong>in</strong></span> <span class='ocrx_word' id='word_1_87' title='bbox 383 756 484 822; x_wconf 80' lang='lat' dir='ltr'><strong>ipsis</strong></span> <span class='ocrx_word' id='word_1_88' title='bbox 497 754 577 812; x_wconf 92' lang='lat' dir='ltr'><strong>est,</strong></span> <span class='ocrx_word' id='word_1_89' title='bbox 593 752 803 818; x_wconf 88' lang='lat' dir='ltr'><strong>polluere</strong></span> <span class='ocrx_word' id='word_1_90' title='bbox 821 766 921 800; x_wconf 88' lang='lat' dir='ltr'><strong>non</strong></span> <span class='ocrx_word' id='word_1_91' title='bbox 939 756 1180 798; x_wconf 90' lang='lat' dir='ltr'><strong>verentur.</strong></span> <span class='ocrx_word' id='word_1_92' title='bbox 1249 750 1352 796; x_wconf 92' lang='lat' dir='ltr'><strong>Nos</strong></span> <span class='ocrx_word' id='word_1_93' title='bbox 1375 748 1533 812; x_wconf 88' lang='lat' dir='ltr'><strong>itaque</strong></span> <span class='ocrx_word' id='word_1_94' title='bbox 1554 753 1740 794; x_wconf 87' lang='lat' dir='ltr'><strong>tantum</strong></span> <span class='ocrx_word' id='word_1_95' title='bbox 1762 737 1998 796; x_wconf 63' lang='lat' dir='ltr'><strong>excessum</strong></span> <span class='ocrx_word' id='word_1_96' title='bbox 2019 747 2384 797; x_wconf 82' lang='lat' dir='ltr'><strong>conniventibus</strong></span> 
     </span>
     <span class='ocr_line' id='line_1_11' title="bbox 206 812 2386 889; baseline -0.007 -15"><span class='ocrx_word' id='word_1_97' title='bbox 206 823 352 875; x_wconf 91' lang='lat' dir='ltr'><strong>oculis</strong></span> <span class='ocrx_word' id='word_1_98' title='bbox 375 821 646 889; x_wconf 78' lang='lat' dir='ltr'><strong>pertransire</strong></span> <span class='ocrx_word' id='word_1_99' title='bbox 667 835 767 867; x_wconf 90' lang='lat' dir='ltr'><strong>non</strong></span> <span class='ocrx_word' id='word_1_100' title='bbox 785 816 1020 873; x_wconf 88' lang='lat' dir='ltr'><strong>valentes,</strong></span> <span class='ocrx_word' id='word_1_101' title='bbox 1057 814 1135 863; x_wconf 90' lang='lat' dir='ltr'><strong>sub</strong></span> <span class='ocrx_word' id='word_1_102' title='bbox 1175 831 1321 880; x_wconf 84' lang='lat' dir='ltr'><strong>poena</strong></span> <span class='ocrx_word' id='word_1_103' title='bbox 1350 814 1854 863; x_wconf 87' lang='lat' dir='ltr'><strong>excommunicationis</strong></span> <span class='ocrx_word' id='word_1_104' title='bbox 1891 813 2134 863; x_wconf 70' lang='lat' dir='ltr'><strong>distriffius</strong></span> <span class='ocrx_word' id='word_1_105' title='bbox 2163 812 2386 878; x_wconf 88' lang='lat' dir='ltr'><strong>prohibe-</strong></span> 
     </span>
     <span class='ocr_line' id='line_1_12' title="bbox 205 877 2388 954; baseline -0.007 -13"><span class='ocrx_word' id='word_1_106' title='bbox 205 908 336 948; x_wconf 90' lang='lat' dir='ltr'><strong>mus,</strong></span> <span class='ocrx_word' id='word_1_107' title='bbox 372 905 433 939; x_wconf 91' lang='lat' dir='ltr'><strong>ne</strong></span> <span class='ocrx_word' id='word_1_108' title='bbox 467 891 642 954; x_wconf 87' lang='lat' dir='ltr'><strong>absque</strong></span> <span class='ocrx_word' id='word_1_109' title='bbox 664 885 1000 951; x_wconf 85' lang='lat' dir='ltr'><strong>dispensatione</strong></span> <span class='ocrx_word' id='word_1_110' title='bbox 1023 883 1156 931; x_wconf 88' lang='lat' dir='ltr'><strong>Sedis</strong></span> <span class='ocrx_word' id='word_1_111' title='bbox 1176 880 1459 948; x_wconf 87' lang='lat' dir='ltr'><strong>Apostolicae</strong></span> <span class='ocrx_word' id='word_1_112' title='bbox 1495 879 1590 928; x_wconf 88' lang='lat' dir='ltr'><strong>tale</strong></span> <span class='ocrx_word' id='word_1_113' title='bbox 1622 881 1683 927; x_wconf 92' lang='lat' dir='ltr'><strong>de</strong></span> <span class='ocrx_word' id='word_1_114' title='bbox 1714 888 1889 929; x_wconf 80' lang='lat' dir='ltr'><strong>caetero</strong></span> <span class='ocrx_word' id='word_1_115' title='bbox 1923 881 2275 928; x_wconf 87' lang='lat' dir='ltr'><strong>matrimonium</strong></span> <span class='ocrx_word' id='word_1_116' title='bbox 2307 877 2388 926; x_wconf 88' lang='lat' dir='ltr'><strong>seu</strong></span> 
     </span>
     <span class='ocr_line' id='line_1_13' title="bbox 207 945 2387 1013; baseline -0.007 -6"><span class='ocrx_word' id='word_1_117' title='bbox 207 958 569 1008; x_wconf 85' lang='lat' dir='ltr'><strong>contubernium</strong></span> <span class='ocrx_word' id='word_1_118' title='bbox 589 954 909 1004; x_wconf 84' lang='lat' dir='ltr'><strong>contrahatur.</strong></span> <span class='ocrx_word' id='word_1_119' title='bbox 979 947 1207 1013; x_wconf 90' lang='lat' dir='ltr'><strong>Alioquin</strong></span> <span class='ocrx_word' id='word_1_120' title='bbox 1227 948 1505 995; x_wconf 88' lang='lat' dir='ltr'><strong>Sacerdotes</strong></span> <span class='ocrx_word' id='word_1_121' title='bbox 1517 978 1533 1003; x_wconf 84' lang='lat'><strong>,</strong></span> <span class='ocrx_word' id='word_1_122' title='bbox 1562 947 1641 1011; x_wconf 92' lang='lat' dir='ltr'><strong>qui</strong></span> <span class='ocrx_word' id='word_1_123' title='bbox 1664 945 1781 993; x_wconf 87' lang='lat' dir='ltr'><strong>tales</strong></span> <span class='ocrx_word' id='word_1_124' title='bbox 1803 945 2156 1011; x_wconf 83' lang='lat' dir='ltr'><strong>conjunxerint,</strong></span> <span class='ocrx_word' id='word_1_125' title='bbox 2176 947 2204 993; x_wconf 74' lang='lat' dir='ltr'><strong>a</strong></span> <span class='ocrx_word' id='word_1_126' title='bbox 2224 946 2387 994; x_wconf 87' lang='lat' dir='ltr'><strong>Sacer-</strong></span> 
     </span>
     <span class='ocr_line' id='line_1_14' title="bbox 208 1012 2390 1080; baseline -0.009 -7"><span class='ocrx_word' id='word_1_127' title='bbox 208 1025 352 1073; x_wconf 88' lang='lat' dir='ltr'><strong>dotali</strong></span> <span class='ocrx_word' id='word_1_128' title='bbox 365 1023 523 1073; x_wconf 83' lang='lat' dir='ltr'><strong>officio</strong></span> <span class='ocrx_word' id='word_1_129' title='bbox 537 1023 579 1070; x_wconf 91' lang='lat' dir='ltr'><strong>se</strong></span> <span class='ocrx_word' id='word_1_130' title='bbox 592 1020 816 1069; x_wconf 88' lang='lat' dir='ltr'><strong>noverint</strong></span> <span class='ocrx_word' id='word_1_131' title='bbox 827 1015 919 1064; x_wconf 81' lang='lat' dir='ltr'><strong>effe</strong></span> <span class='ocrx_word' id='word_1_132' title='bbox 934 1014 1183 1080; x_wconf 91' lang='lat' dir='ltr'><strong>suspensos.</strong></span> <span class='ocrx_word' id='word_1_133' title='bbox 1250 1013 1319 1061; x_wconf 89' lang='lat' dir='ltr'><strong>Illi</strong></span> <span class='ocrx_word' id='word_1_134' title='bbox 1332 1028 1468 1069; x_wconf 89' lang='lat' dir='ltr'><strong>ver0,</strong></span> <span class='ocrx_word' id='word_1_135' title='bbox 1489 1013 1568 1077; x_wconf 90' lang='lat' dir='ltr'><strong>qui</strong></span> <span class='ocrx_word' id='word_1_136' title='bbox 1591 1013 1790 1073; x_wconf 79' lang='lat' dir='ltr'><strong>scientes</strong></span> <span class='ocrx_word' id='word_1_137' title='bbox 1816 1015 1875 1063; x_wconf 87' lang='lat' dir='ltr'><strong>fic</strong></span> <span class='ocrx_word' id='word_1_138' title='bbox 1897 1014 2190 1079; x_wconf 83' lang='lat' dir='ltr'><strong>permiserint</strong></span> <span class='ocrx_word' id='word_1_139' title='bbox 2208 1012 2253 1061; x_wconf 85' lang='lat' dir='ltr'><strong>se</strong></span> <span class='ocrx_word' id='word_1_140' title='bbox 2274 1027 2390 1060; x_wconf 88' lang='lat' dir='ltr'><strong>con.</strong></span> 
     </span>
     <span class='ocr_line' id='line_1_15' title="bbox 200 1066 2390 1157; baseline -0.008 -15"><span class='ocrx_word' id='word_1_141' title='bbox 200 1091 337 1157; x_wconf 86' lang='lat' dir='ltr'><strong>jungi</strong></span> <span class='ocrx_word' id='word_1_142' title='bbox 359 1091 458 1157; x_wconf 88' lang='lat' dir='ltr'><strong>ipso</strong></span> <span class='ocrx_word' id='word_1_143' title='bbox 480 1087 607 1138; x_wconf 64' lang='lat' dir='ltr'><strong>facto</strong></span> <span class='ocrx_word' id='word_1_144' title='bbox 629 1089 685 1134; x_wconf 92' lang='lat' dir='ltr'><strong>ab</strong></span> <span class='ocrx_word' id='word_1_145' title='bbox 708 1082 909 1150; x_wconf 77' lang='lat' dir='ltr'><strong>ingressu</strong></span> <span class='ocrx_word' id='word_1_146' title='bbox 925 1081 1134 1130; x_wconf 85' lang='lat' dir='ltr'><strong>Ecclefiae</strong></span> <span class='ocrx_word' id='word_1_147' title='bbox 1168 1080 1505 1144; x_wconf 86' lang='lat' dir='ltr'><strong>suspendantur</strong></span> <span class='ocrx_word' id='word_1_148' title='bbox 1538 1078 1619 1125; x_wconf 91' lang='lat' dir='ltr'><strong>sub</strong></span> <span class='ocrx_word' id='word_1_149' title='bbox 1652 1080 1822 1126; x_wconf 88' lang='lat' dir='ltr'><strong>eadem</strong></span> <span class='ocrx_word' id='word_1_150' title='bbox 1841 1097 2015 1145; x_wconf 81' lang='lat' dir='ltr'><strong>poena,</strong></span> <span class='ocrx_word' id='word_1_151' title='bbox 2048 1066 2141 1144; x_wconf 82' lang='lat' dir='ltr'><strong>qua</strong></span> <span class='ocrx_word' id='word_1_152' title='bbox 2161 1078 2271 1136; x_wconf 86' lang='lat' dir='ltr'><strong>illis,</strong></span> <span class='ocrx_word' id='word_1_153' title='bbox 2308 1076 2390 1142; x_wconf 84' lang='lat' dir='ltr'><strong>qui</strong></span> 
     </span>
     <span class='ocr_line' id='line_1_16' title="bbox 207 1143 2391 1226; baseline -0.009 -17"><span class='ocrx_word' id='word_1_154' title='bbox 207 1159 302 1226; x_wconf 87' lang='lat' dir='ltr'><strong>jam</strong></span> <span class='ocrx_word' id='word_1_155' title='bbox 325 1160 498 1223; x_wconf 83' lang='lat' dir='ltr'><strong>absque</strong></span> <span class='ocrx_word' id='word_1_156' title='bbox 518 1154 854 1221; x_wconf 84' lang='lat' dir='ltr'><strong>dispensatione</strong></span> <span class='ocrx_word' id='word_1_157' title='bbox 867 1149 999 1196; x_wconf 78' lang='lat' dir='ltr'><strong>Sed1s</strong></span> <span class='ocrx_word' id='word_1_158' title='bbox 1014 1146 1297 1212; x_wconf 84' lang='lat' dir='ltr'><strong>Apostolicae</strong></span> <span class='ocrx_word' id='word_1_159' title='bbox 1321 1145 1422 1201; x_wconf 28' lang='lat' dir='ltr'><strong>tales</strong></span> <span class='ocrx_word' id='word_1_160' title='bbox 1434 1145 1787 1192; x_wconf 88' lang='lat' dir='ltr'><strong>matrimonium</strong></span> <span class='ocrx_word' id='word_1_161' title='bbox 1811 1153 2167 1200; x_wconf 84' lang='lat' dir='ltr'><strong>contraxerunt,</strong></span> <span class='ocrx_word' id='word_1_162' title='bbox 2189 1143 2391 1191; x_wconf 66' lang='lat' dir='ltr'><strong>districte</strong></span> 
     </span>
     <span class='ocr_line' id='line_1_17' title="bbox 210 1207 2393 1294; baseline -0.009 -19"><span class='ocrx_word' id='word_1_163' title='bbox 210 1226 529 1294; x_wconf 68' lang='lat' dir='ltr'><strong>praecipimus,</strong></span> <span class='ocrx_word' id='word_1_164' title='bbox 559 1231 613 1270; x_wconf 91' lang='lat' dir='ltr'><strong>ut</strong></span> <span class='ocrx_word' id='word_1_165' title='bbox 634 1222 660 1268; x_wconf 76' lang='lat' dir='ltr'><strong>a</strong></span> <span class='ocrx_word' id='word_1_166' title='bbox 682 1216 1036 1268; x_wconf 84' lang='lat' dir='ltr'><strong>cohabitatione</strong></span> <span class='ocrx_word' id='word_1_167' title='bbox 1059 1215 1267 1262; x_wconf 88' lang='lat' dir='ltr'><strong>invicem</strong></span> <span class='ocrx_word' id='word_1_168' title='bbox 1289 1212 1569 1261; x_wconf 84' lang='lat' dir='ltr'><strong>abstinentes</strong></span> <span class='ocrx_word' id='word_1_169' title='bbox 1593 1212 1859 1260; x_wconf 87' lang='lat' dir='ltr'><strong>dioecesano</strong></span> <span class='ocrx_word' id='word_1_170' title='bbox 1881 1212 1989 1270; x_wconf 88' lang='lat' dir='ltr'><strong>suo,</strong></span> <span class='ocrx_word' id='word_1_171' title='bbox 2023 1212 2102 1259; x_wconf 91' lang='lat' dir='ltr'><strong>seu</strong></span> <span class='ocrx_word' id='word_1_172' title='bbox 2118 1211 2208 1258; x_wconf 86' lang='lat' dir='ltr'><strong>alio</strong></span> <span class='ocrx_word' id='word_1_173' title='bbox 2231 1207 2393 1276; x_wconf 82' lang='lat' dir='ltr'><strong>praela-</strong></span> 
     </span>
     <span class='ocr_line' id='line_1_18' title="bbox 211 1275 2394 1356; baseline -0.009 -12"><span class='ocrx_word' id='word_1_174' title='bbox 211 1305 265 1345; x_wconf 76' lang='lat' dir='ltr'><strong>,to</strong></span> <span class='ocrx_word' id='word_1_175' title='bbox 279 1328 294 1352; x_wconf 83' lang='lat'><strong>,</strong></span> <span class='ocrx_word' id='word_1_176' title='bbox 325 1294 384 1341; x_wconf 87' lang='lat' dir='ltr'><strong>ad</strong></span> <span class='ocrx_word' id='word_1_177' title='bbox 402 1307 545 1356; x_wconf 87' lang='lat' dir='ltr'><strong>quem</strong></span> <span class='ocrx_word' id='word_1_178' title='bbox 565 1287 640 1339; x_wconf 89' lang='lat' dir='ltr'><strong>vel</strong></span> <span class='ocrx_word' id='word_1_179' title='bbox 659 1284 999 1335; x_wconf 86' lang='lat' dir='ltr'><strong>consuetudine</strong></span> <span class='ocrx_word' id='word_1_180' title='bbox 1020 1282 1257 1347; x_wconf 85' lang='lat' dir='ltr'><strong>pertinere</strong></span> <span class='ocrx_word' id='word_1_181' title='bbox 1291 1279 1580 1344; x_wconf 87' lang='lat' dir='ltr'><strong>dignoscitur</strong></span> <span class='ocrx_word' id='word_1_182' title='bbox 1602 1277 1764 1326; x_wconf 89' lang='lat' dir='ltr'><strong>talium</strong></span> <span class='ocrx_word' id='word_1_183' title='bbox 1785 1279 2027 1327; x_wconf 79' lang='lat' dir='ltr'><strong>causarum</strong></span> <span class='ocrx_word' id='word_1_184' title='bbox 2049 1279 2262 1343; x_wconf 84' lang='lat' dir='ltr'><strong>cognitio</strong></span> <span class='ocrx_word' id='word_1_185' title='bbox 2276 1309 2292 1334; x_wconf 87' lang='lat'>‚</span> <span class='ocrx_word' id='word_1_186' title='bbox 2323 1275 2394 1327; x_wconf 85' lang='lat' dir='ltr'><strong>rei</strong></span> 
     </span>
     <span class='ocr_line' id='line_1_19' title="bbox 210 1341 2395 1414; baseline -0.01 -3"><span class='ocrx_word' id='word_1_187' title='bbox 210 1364 458 1414; x_wconf 83' lang='lat' dir='ltr'><strong>veritatem</strong></span> <span class='ocrx_word' id='word_1_188' title='bbox 480 1356 705 1406; x_wconf 78' lang='lat' dir='ltr'><strong>insinuare</strong></span> <span class='ocrx_word' id='word_1_189' title='bbox 738 1368 839 1400; x_wconf 91' lang='lat' dir='ltr'><strong>non</strong></span> <span class='ocrx_word' id='word_1_190' title='bbox 859 1350 1072 1407; x_wconf 78' lang='lat' dir='ltr'><strong>tardent,</strong></span> <span class='ocrx_word' id='word_1_191' title='bbox 1106 1349 1412 1404; x_wconf 76' lang='lat' dir='ltr'><strong>convocatiS,</strong></span> <span class='ocrx_word' id='word_1_192' title='bbox 1446 1347 1525 1411; x_wconf 94' lang='lat' dir='ltr'><strong>qui</strong></span> <span class='ocrx_word' id='word_1_193' title='bbox 1557 1346 1732 1394; x_wconf 88' lang='lat' dir='ltr'><strong>fuerint</strong></span> <span class='ocrx_word' id='word_1_194' title='bbox 1764 1346 2024 1403; x_wconf 89' lang='lat' dir='ltr'><strong>evocandi,</strong></span> <span class='ocrx_word' id='word_1_195' title='bbox 2063 1345 2112 1394; x_wconf 72' lang='grc' dir='ltr'><strong>ὅ(</strong></span> <span class='ocrx_word' id='word_1_196' title='bbox 2132 1345 2267 1393; x_wconf 88' lang='lat' dir='ltr'><strong>causa</strong></span> <span class='ocrx_word' id='word_1_197' title='bbox 2294 1341 2395 1391; x_wconf 90' lang='lat' dir='ltr'><strong>dili-</strong></span> 
     </span>
     <span class='ocr_line' id='line_1_20' title="bbox 210 1405 2416 1495; baseline -0.01 -17"><span class='ocrx_word' id='word_1_198' title='bbox 210 1438 380 1495; x_wconf 81' lang='lat' dir='ltr'><strong>genter</strong></span> <span class='ocrx_word' id='word_1_199' title='bbox 393 1427 673 1479; x_wconf 84' lang='lat' dir='ltr'><strong>examinata,</strong></span> <span class='ocrx_word' id='word_1_200' title='bbox 690 1420 818 1485; x_wconf 88' lang='lat' dir='ltr'><strong>quod</strong></span> <span class='ocrx_word' id='word_1_201' title='bbox 831 1418 1113 1466; x_wconf 88' lang='lat' dir='ltr'><strong>canonicum</strong></span> <span class='ocrx_word' id='word_1_202' title='bbox 1124 1415 1282 1472; x_wconf 89' lang='lat' dir='ltr'><strong>fuerit,</strong></span> <span class='ocrx_word' id='word_1_203' title='bbox 1293 1413 1479 1470; x_wconf 76' lang='lat' dir='ltr'><strong>statuae,</strong></span> <span class='ocrx_word' id='word_1_204' title='bbox 1491 1411 1818 1477; x_wconf 72' lang='lat' dir='ltr'><strong>facien8,quod</strong></span> <span class='ocrx_word' id='word_1_205' title='bbox 1830 1414 2043 1461; x_wconf 90' lang='lat' dir='ltr'><strong>decrevit</strong></span> <span class='ocrx_word' id='word_1_206' title='bbox 2054 1427 2140 1477; x_wconf 88' lang='lat' dir='ltr'><strong>per</strong></span> <span class='ocrx_word' id='word_1_207' title='bbox 2150 1410 2395 1460; x_wconf 86' lang='lat' dir='ltr'><strong>censuram</strong></span> <span class='ocrx_word' id='word_1_208' title='bbox 2407 1405 2416 1412; x_wconf 78' lang='grc'><strong><em>’</em></strong></span> 
     </span>
     <span class='ocr_line' id='line_1_21' title="bbox 214 1477 2396 1546; baseline -0.01 -1"><span class='ocrx_word' id='word_1_209' title='bbox 214 1493 562 1545; x_wconf 84' lang='lat' dir='ltr'><strong>ecclefiasticam</strong></span> <span class='ocrx_word' id='word_1_210' title='bbox 574 1485 904 1539; x_wconf 83' lang='lat' dir='ltr'><strong>inviolabiliter</strong></span> <span class='ocrx_word' id='word_1_211' title='bbox 915 1483 1163 1532; x_wconf 85' lang='lat' dir='ltr'><strong>observari.</strong></span> <span class='ocrx_word' id='word_1_212' title='bbox 1232 1480 1450 1546; x_wconf 89' lang='lat' dir='ltr'><strong>Episcopi</strong></span> <span class='ocrx_word' id='word_1_213' title='bbox 1460 1496 1579 1528; x_wconf 90' lang='lat' dir='ltr'><strong>vero</strong></span> <span class='ocrx_word' id='word_1_214' title='bbox 1602 1480 1679 1541; x_wconf 90' lang='lat' dir='ltr'><strong>seu</strong></span> <span class='ocrx_word' id='word_1_215' title='bbox 1702 1479 1776 1527; x_wconf 89' lang='lat' dir='ltr'><strong>alii</strong></span> <span class='ocrx_word' id='word_1_216' title='bbox 1789 1479 1971 1529; x_wconf 87' lang='lat' dir='ltr'><strong>Praelati</strong></span> <span class='ocrx_word' id='word_1_217' title='bbox 1994 1481 2062 1527; x_wconf 89' lang='lat' dir='ltr'><strong>de·</strong></span> <span class='ocrx_word' id='word_1_218' title='bbox 2073 1478 2218 1539; x_wconf 77' lang='lat' dir='ltr'><strong>causis</strong></span> <span class='ocrx_word' id='word_1_219' title='bbox 2238 1477 2396 1526; x_wconf 86' lang='lat' dir='ltr'><strong>matri-</strong></span> 
     </span>
     <span class='ocr_line' id='line_1_22' title="bbox 214 1543 2397 1622; baseline -0.01 -9"><span class='ocrx_word' id='word_1_220' title='bbox 214 1563 490 1614; x_wconf 77' lang='lat' dir='ltr'><strong>monialibus</strong></span> <span class='ocrx_word' id='word_1_221' title='bbox 505 1556 848 1622; x_wconf 81' lang='lat' dir='ltr'><strong>cognoscentes</strong></span> <span class='ocrx_word' id='word_1_222' title='bbox 862 1551 1061 1599; x_wconf 91' lang='lat' dir='ltr'><strong>omnino</strong></span> <span class='ocrx_word' id='word_1_223' title='bbox 1076 1556 1291 1604; x_wconf 87' lang='lat' dir='ltr'><strong>caveant,</strong></span> <span class='ocrx_word' id='word_1_224' title='bbox 1304 1562 1364 1594; x_wconf 91' lang='lat' dir='ltr'><strong>ne</strong></span> <span class='ocrx_word' id='word_1_225' title='bbox 1375 1547 1633 1611; x_wconf 89' lang='lat' dir='ltr'><strong>cupiditate</strong></span> <span class='ocrx_word' id='word_1_226' title='bbox 1648 1545 1839 1604; x_wconf 73' lang='lat' dir='ltr'><strong>deviffi,</strong></span> <span class='ocrx_word' id='word_1_227' title='bbox 1852 1563 1952 1594; x_wconf 93' lang='lat' dir='ltr'><strong>non</strong></span> <span class='ocrx_word' id='word_1_228' title='bbox 1967 1545 2115 1594; x_wconf 90' lang='lat' dir='ltr'><strong>solum</strong></span> <span class='ocrx_word' id='word_1_229' title='bbox 2132 1543 2397 1594; x_wconf 77' lang='lat' dir='ltr'><strong>dirimenda</strong></span> 
     </span>
     <span class='ocr_line' id='line_1_23' title="bbox 214 1610 2400 1682; baseline -0.011 -2"><span class='ocrx_word' id='word_1_230' title='bbox 214 1648 314 1681; x_wconf 88' lang='lat' dir='ltr'><strong>non</strong></span> <span class='ocrx_word' id='word_1_231' title='bbox 335 1630 567 1682; x_wconf 86' lang='lat' dir='ltr'><strong>dirimant,</strong></span> <span class='ocrx_word' id='word_1_232' title='bbox 585 1638 755 1673; x_wconf 87' lang='lat' dir='ltr'><strong>verum</strong></span> <span class='ocrx_word' id='word_1_233' title='bbox 775 1620 918 1667; x_wconf 90' lang='lat' dir='ltr'><strong>etiam</strong></span> <span class='ocrx_word' id='word_1_234' title='bbox 940 1617 1195 1682; x_wconf 87' lang='lat' dir='ltr'><strong>separanda</strong></span> <span class='ocrx_word' id='word_1_235' title='bbox 1215 1615 1642 1679; x_wconf 81' lang='lat' dir='ltr'><strong>redintegratione,</strong></span> <span class='ocrx_word' id='word_1_236' title='bbox 1669 1621 1902 1678; x_wconf 78' lang='lat' dir='ltr'><strong>praetextu</strong></span> <span class='ocrx_word' id='word_1_237' title='bbox 1923 1610 2400 1678; x_wconf 82' lang='lat' dir='ltr'><strong>pecuniae&amp;alterius</strong></span> 
     </span>
     <span class='ocr_line' id='line_1_24' title="bbox 216 1677 2398 1755; baseline -0.012 -6"><span class='ocrx_word' id='word_1_238' title='bbox 216 1697 457 1749; x_wconf 89' lang='lat' dir='ltr'><strong>commodi</strong></span> <span class='ocrx_word' id='word_1_239' title='bbox 475 1709 574 1741; x_wconf 86' lang='lat' dir='ltr'><strong>non</strong></span> <span class='ocrx_word' id='word_1_240' title='bbox 597 1689 888 1755; x_wconf 77' lang='lat' dir='ltr'><strong>praesumant.</strong></span> <span class='ocrx_word' id='word_1_241' title='bbox 985 1685 1033 1731; x_wconf 90' lang='lat' dir='ltr'><strong>Si</strong></span> <span class='ocrx_word' id='word_1_242' title='bbox 1067 1683 1167 1746; x_wconf 91' lang='lat' dir='ltr'><strong>quis</strong></span> <span class='ocrx_word' id='word_1_243' title='bbox 1200 1690 1361 1728; x_wconf 88' lang='lat' dir='ltr'><strong>autem</strong></span> <span class='ocrx_word' id='word_1_244' title='bbox 1390 1688 1556 1727; x_wconf 88' lang='lat' dir='ltr'><strong>contra</strong></span> <span class='ocrx_word' id='word_1_245' title='bbox 1576 1681 1674 1728; x_wconf 92' lang='lat' dir='ltr'><strong>hoc</strong></span> <span class='ocrx_word' id='word_1_246' title='bbox 1695 1681 1860 1728; x_wconf 88' lang='lat' dir='ltr'><strong>venire</strong></span> <span class='ocrx_word' id='word_1_247' title='bbox 1884 1679 2188 1745; x_wconf 83' lang='lat' dir='ltr'><strong>praesurnserit</strong></span> <span class='ocrx_word' id='word_1_248' title='bbox 2207 1677 2398 1728; x_wconf 85' lang='lat' dir='ltr'><strong>interdi-</strong></span> 
     </span>
     <span class='ocr_line' id='line_1_25' title="bbox 218 1743 2398 1827; baseline -0.011 -12"><span class='ocrx_word' id='word_1_249' title='bbox 218 1767 362 1820; x_wconf 54' lang='lat' dir='ltr'><strong>ctum,</strong></span> <span class='ocrx_word' id='word_1_250' title='bbox 374 1759 546 1827; x_wconf 86' lang='lat' dir='ltr'><strong>eoipso</strong></span> <span class='ocrx_word' id='word_1_251' title='bbox 561 1759 602 1806; x_wconf 88' lang='lat' dir='ltr'><strong>se</strong></span> <span class='ocrx_word' id='word_1_252' title='bbox 617 1754 805 1804; x_wconf 87' lang='lat' dir='ltr'><strong>noverit</strong></span> <span class='ocrx_word' id='word_1_253' title='bbox 818 1750 976 1801; x_wconf 90' lang='lat' dir='ltr'><strong>officio</strong></span> <span class='ocrx_word' id='word_1_254' title='bbox 990 1748 1320 1814; x_wconf 81' lang='lat' dir='ltr'><strong>beneficioque</strong></span> <span class='ocrx_word' id='word_1_255' title='bbox 1339 1748 1590 1812; x_wconf 88' lang='lat' dir='ltr'><strong>privatum.</strong></span> <span class='ocrx_word' id='word_1_256' title='bbox 1660 1746 1793 1794; x_wconf 89' lang='lat' dir='ltr'><strong>Laici</strong></span> <span class='ocrx_word' id='word_1_257' title='bbox 1813 1762 1953 1804; x_wconf 88' lang='lat' dir='ltr'><strong>vero,</strong></span> <span class='ocrx_word' id='word_1_258' title='bbox 1977 1746 2056 1811; x_wconf 90' lang='lat' dir='ltr'><strong>qui</strong></span> <span class='ocrx_word' id='word_1_259' title='bbox 2078 1746 2138 1793; x_wconf 94' lang='lat' dir='ltr'><strong>de</strong></span> <span class='ocrx_word' id='word_1_260' title='bbox 2150 1745 2309 1810; x_wconf 86' lang='lat' dir='ltr'><strong>poenis</strong></span> <span class='ocrx_word' id='word_1_261' title='bbox 2330 1743 2398 1792; x_wconf 84' lang='lat' dir='ltr'><strong>in-</strong></span> 
     </span>
    </p>
   </div>
   <div class='ocr_carea' id='block_1_4' title="bbox 213 1811 2510 1895">
    <p class='ocr_par' dir='ltr' id='par_1_4' title="bbox 213 1811 2510 1895">
     <span class='ocr_line' id='line_1_26' title="bbox 213 1811 2510 1895; baseline -0.011 -15"><span class='ocrx_word' id='word_1_262' title='bbox 213 1834 417 1883; x_wconf 81' lang='lat' dir='ltr'><strong>ferendis</strong></span> <span class='ocrx_word' id='word_1_263' title='bbox 440 1825 648 1895; x_wconf 88' lang='lat' dir='ltr'><strong>personis</strong></span> <span class='ocrx_word' id='word_1_264' title='bbox 669 1818 931 1885; x_wconf 71' lang='lat' dir='ltr'><strong>conjunffis</strong></span> <span class='ocrx_word' id='word_1_265' title='bbox 953 1821 1000 1867; x_wconf 90' lang='lat' dir='ltr'><strong>in</strong></span> <span class='ocrx_word' id='word_1_266' title='bbox 1020 1817 1152 1865; x_wconf 89' lang='lat' dir='ltr'><strong>causa</strong></span> <span class='ocrx_word' id='word_1_267' title='bbox 1172 1813 1519 1870; x_wconf 81' lang='lat' dir='ltr'><strong>matrimoniali,</strong></span> <span class='ocrx_word' id='word_1_268' title='bbox 1534 1814 1610 1860; x_wconf 88' lang='lat' dir='ltr'><strong>seu</strong></span> <span class='ocrx_word' id='word_1_269' title='bbox 1625 1813 1970 1861; x_wconf 89' lang='lat' dir='ltr'><strong>accusatoribus</strong></span> <span class='ocrx_word' id='word_1_270' title='bbox 1990 1811 2398 1868; x_wconf 79' lang='lat' dir='ltr'><strong>seintromiserint,</strong></span> <span class='ocrx_word' id='word_1_271' title='bbox 2445 1867 2447 1871; x_wconf 16' lang='lat' dir='ltr'>y</span> <span class='ocrx_word' id='word_1_272' title='bbox 2508 1816 2510 1819; x_wconf 79' lang='grc'><strong>“</strong></span> 
     </span>
    </p>
   </div>
   <div class='ocr_carea' id='block_1_5' title="bbox 218 1879 2460 2992">
    <p class='ocr_par' dir='ltr' id='par_1_5' title="bbox 218 1879 2460 2991">
     <span class='ocr_line' id='line_1_27' title="bbox 218 1879 2400 1960; baseline -0.013 -10"><span class='ocrx_word' id='word_1_273' title='bbox 218 1918 330 1952; x_wconf 87' lang='lat' dir='ltr'><strong>cum</strong></span> <span class='ocrx_word' id='word_1_274' title='bbox 343 1900 401 1946; x_wconf 88' lang='lat' dir='ltr'><strong>ad</strong></span> <span class='ocrx_word' id='word_1_275' title='bbox 412 1895 534 1960; x_wconf 87' lang='lat' dir='ltr'><strong>ipsos</strong></span> <span class='ocrx_word' id='word_1_276' title='bbox 547 1908 645 1939; x_wconf 91' lang='lat' dir='ltr'><strong>non</strong></span> <span class='ocrx_word' id='word_1_277' title='bbox 657 1890 943 1954; x_wconf 86' lang='lat' dir='ltr'><strong>pertineant,</strong></span> <span class='ocrx_word' id='word_1_278' title='bbox 957 1884 1034 1932; x_wconf 90' lang='lat' dir='ltr'><strong>sed</strong></span> <span class='ocrx_word' id='word_1_279' title='bbox 1047 1885 1106 1930; x_wconf 90' lang='lat' dir='ltr'><strong>ad</strong></span> <span class='ocrx_word' id='word_1_280' title='bbox 1110 1881 1320 1945; x_wconf 90' lang='lat' dir='ltr'><strong>judicem</strong></span> <span class='ocrx_word' id='word_1_281' title='bbox 1331 1880 1708 1935; x_wconf 77' lang='lat' dir='ltr'><strong>Ecclefiasticam,</strong></span> <span class='ocrx_word' id='word_1_282' title='bbox 1719 1895 1882 1927; x_wconf 88' lang='lat' dir='ltr'><strong>coram</strong></span> <span class='ocrx_word' id='word_1_283' title='bbox 1904 1895 1999 1944; x_wconf 91' lang='lat' dir='ltr'><strong>quo</strong></span> <span class='ocrx_word' id='word_1_284' title='bbox 2022 1879 2272 1942; x_wconf 89' lang='lat' dir='ltr'><strong>negotium</strong></span> <span class='ocrx_word' id='word_1_285' title='bbox 2283 1891 2400 1925; x_wconf 89' lang='lat' dir='ltr'><strong>ven-</strong></span> 
     </span>
     <span class='ocr_line' id='line_1_28' title="bbox 221 1943 2400 2029; baseline -0.021 -13"><span class='ocrx_word' id='word_1_286' title='bbox 221 1968 378 2017; x_wconf 86' lang='lat' dir='ltr'><strong>tilatur</strong></span> <span class='ocrx_word' id='word_1_287' title='bbox 390 1978 476 2029; x_wconf 87' lang='lat' dir='ltr'><strong>per</strong></span> <span class='ocrx_word' id='word_1_288' title='bbox 489 1958 731 2007; x_wconf 88' lang='lat' dir='ltr'><strong>censuram</strong></span> <span class='ocrx_word' id='word_1_289' title='bbox 751 1950 1102 2000; x_wconf 80' lang='lat' dir='ltr'><strong>ecclesiasticam</strong></span> <span class='ocrx_word' id='word_1_290' title='bbox 1122 1947 1507 2012; x_wconf 84' lang='lat' dir='ltr'><strong>compescantur,</strong></span> <span class='ocrx_word' id='word_1_291' title='bbox 1533 1961 1644 1992; x_wconf 89' lang='lat' dir='ltr'><strong>cum</strong></span> <span class='ocrx_word' id='word_1_292' title='bbox 1665 1960 1724 1991; x_wconf 83' lang='lat' dir='ltr'><strong>ex</strong></span> <span class='ocrx_word' id='word_1_293' title='bbox 1745 1946 1840 1993; x_wconf 89' lang='lat' dir='ltr'><strong>hoc</strong></span> <span class='ocrx_word' id='word_1_294' title='bbox 1860 1945 1998 1993; x_wconf 66' lang='lat' dir='ltr'><strong>multi</strong></span> <span class='ocrx_word' id='word_1_295' title='bbox 2023 1946 2080 1992; x_wconf 76' lang='lat' dir='ltr'><strong>ab</strong></span> <span class='ocrx_word' id='word_1_296' title='bbox 2100 1943 2400 1992; x_wconf 68' lang='lat' dir='ltr'><strong>accusatione</strong></span> 
     </span>
     <span class='ocr_line' id='line_1_29' title="bbox 221 2007 2403 2085; baseline -0.015 -2"><span class='ocrx_word' id='word_1_297' title='bbox 221 2029 507 2085; x_wconf 82' lang='lat' dir='ltr'><strong>matrimonii</strong></span> <span class='ocrx_word' id='word_1_298' title='bbox 526 2024 838 2074; x_wconf 87' lang='lat' dir='ltr'><strong>retrahantur.</strong></span> <span class='ocrx_word' id='word_1_299' title='bbox 915 2018 1063 2073; x_wconf 88' lang='lat' dir='ltr'><strong>Item,</strong></span> <span class='ocrx_word' id='word_1_300' title='bbox 1096 2030 1204 2063; x_wconf 90' lang='lat' dir='ltr'><strong>cum</strong></span> <span class='ocrx_word' id='word_1_301' title='bbox 1227 2015 1500 2061; x_wconf 88' lang='lat' dir='ltr'><strong>detentores</strong></span> <span class='ocrx_word' id='word_1_302' title='bbox 1521 2012 1723 2077; x_wconf 90' lang='lat' dir='ltr'><strong>plurium</strong></span> <span class='ocrx_word' id='word_1_303' title='bbox 1759 2013 1841 2073; x_wconf 84' lang='lat'><strong>(1)</strong></span> <span class='ocrx_word' id='word_1_304' title='bbox 1875 2012 2213 2078; x_wconf 88' lang='lat' dir='ltr'><strong>personatuum</strong></span> <span class='ocrx_word' id='word_1_305' title='bbox 2231 2007 2313 2058; x_wconf 88' lang='lat' dir='ltr'><strong>vel</strong></span> <span class='ocrx_word' id='word_1_306' title='bbox 2336 2009 2403 2061; x_wconf 68' lang='lat' dir='ltr'><strong>di,</strong></span> 
     </span>
     <span class='ocr_line' id='line_1_30' title="bbox 224 2078 2404 2167; baseline -0.013 -17"><span class='ocrx_word' id='word_1_307' title='bbox 224 2102 475 2167; x_wconf 87' lang='lat' dir='ltr'><strong>gnitatum,</strong></span> <span class='ocrx_word' id='word_1_308' title='bbox 490 2093 568 2142; x_wconf 87' lang='lat' dir='ltr'><strong>seu</strong></span> <span class='ocrx_word' id='word_1_309' title='bbox 588 2086 927 2138; x_wconf 87' lang='lat' dir='ltr'><strong>beneficiorum</strong></span> <span class='ocrx_word' id='word_1_310' title='bbox 952 2080 1361 2131; x_wconf 80' lang='lat' dir='ltr'><strong>ecclesiasticorum</strong></span> <span class='ocrx_word' id='word_1_311' title='bbox 1381 2095 1491 2126; x_wconf 91' lang='lat' dir='ltr'><strong>cum</strong></span> <span class='ocrx_word' id='word_1_312' title='bbox 1515 2094 1641 2135; x_wconf 87' lang='lat' dir='ltr'><strong>cura,</strong></span> <span class='ocrx_word' id='word_1_313' title='bbox 1661 2078 1747 2126; x_wconf 85' lang='lat' dir='ltr'><strong>fint</strong></span> <span class='ocrx_word' id='word_1_314' title='bbox 1760 2079 1995 2126; x_wconf 89' lang='lat' dir='ltr'><strong>sacrorum</strong></span> <span class='ocrx_word' id='word_1_315' title='bbox 2006 2092 2246 2124; x_wconf 88' lang='lat' dir='ltr'><strong>canonum</strong></span> <span class='ocrx_word' id='word_1_316' title='bbox 2257 2083 2404 2124; x_wconf 88' lang='lat' dir='ltr'><strong>trans-</strong></span> 
     </span>
     <span class='ocr_line' id='line_1_31' title="bbox 223 2141 2460 2237; baseline -0.014 -19"><span class='ocrx_word' id='word_1_317' title='bbox 223 2164 466 2237; x_wconf 79' lang='lat' dir='ltr'><strong>greffores,</strong></span> <span class='ocrx_word' id='word_1_318' title='bbox 476 2160 526 2210; x_wconf 87' lang='lat'>&amp;</span> <span class='ocrx_word' id='word_1_319' title='bbox 535 2155 709 2207; x_wconf 62' lang='lat' dir='ltr'><strong>fruetus</strong></span> <span class='ocrx_word' id='word_1_320' title='bbox 723 2152 884 2202; x_wconf 86' lang='lat' dir='ltr'><strong>talium</strong></span> <span class='ocrx_word' id='word_1_321' title='bbox 892 2148 1232 2199; x_wconf 85' lang='lat' dir='ltr'><strong>beneficiorum</strong></span> <span class='ocrx_word' id='word_1_322' title='bbox 1246 2147 1421 2194; x_wconf 88' lang='lat' dir='ltr'><strong>furtum</strong></span> <span class='ocrx_word' id='word_1_323' title='bbox 1434 2147 1734 2193; x_wconf 85' lang='lat' dir='ltr'><strong>committere</strong></span> <span class='ocrx_word' id='word_1_324' title='bbox 1747 2145 2094 2210; x_wconf 88' lang='lat' dir='ltr'><strong>dignoscantur.</strong></span> <span class='ocrx_word' id='word_1_325' title='bbox 2135 2144 2213 2204; x_wconf 86' lang='lat'><strong>(2)</strong></span> <span class='ocrx_word' id='word_1_326' title='bbox 2233 2141 2404 2190; x_wconf 86' lang='lat' dir='ltr'><strong>Statui-</strong></span> <span class='ocrx_word' id='word_1_327' title='bbox 2455 2175 2460 2181; x_wconf 83' lang='lat'><strong>,</strong></span> 
     </span>
     <span class='ocr_line' id='line_1_32' title="bbox 227 2207 2406 2290; baseline -0.016 -6"><span class='ocrx_word' id='word_1_328' title='bbox 227 2239 404 2287; x_wconf 79' lang='lat' dir='ltr'><strong>musut</strong></span> <span class='ocrx_word' id='word_1_329' title='bbox 424 2227 596 2283; x_wconf 85' lang='lat' dir='ltr'><strong>omniS,</strong></span> <span class='ocrx_word' id='word_1_330' title='bbox 619 2223 698 2290; x_wconf 87' lang='lat' dir='ltr'><strong>qui</strong></span> <span class='ocrx_word' id='word_1_331' title='bbox 719 2217 856 2284; x_wconf 86' lang='lat' dir='ltr'><strong>hujus</strong></span> <span class='ocrx_word' id='word_1_332' title='bbox 876 2219 1176 2284; x_wconf 85' lang='lat' dir='ltr'><strong>dignitatum,</strong></span> <span class='ocrx_word' id='word_1_333' title='bbox 1199 2214 1551 2280; x_wconf 83' lang='lat' dir='ltr'><strong>personatuum,</strong></span> <span class='ocrx_word' id='word_1_334' title='bbox 1562 2212 1640 2261; x_wconf 89' lang='lat' dir='ltr'><strong>vel</strong></span> <span class='ocrx_word' id='word_1_335' title='bbox 1659 2213 1960 2276; x_wconf 88' lang='lat' dir='ltr'><strong>dignitatum,</strong></span> <span class='ocrx_word' id='word_1_336' title='bbox 1974 2213 2051 2259; x_wconf 89' lang='lat' dir='ltr'><strong>seu</strong></span> <span class='ocrx_word' id='word_1_337' title='bbox 2063 2207 2406 2261; x_wconf 77' lang='lat' dir='ltr'><strong>beneficiorum</strong></span> 
     </span>
     <span class='ocr_line' id='line_1_33' title="bbox 229 2276 2406 2361; baseline -0.013 -10"><span class='ocrx_word' id='word_1_338' title='bbox 229 2318 338 2354; x_wconf 86' lang='lat' dir='ltr'><strong>cum</strong></span> <span class='ocrx_word' id='word_1_339' title='bbox 349 2312 460 2348; x_wconf 88' lang='lat' dir='ltr'><strong>cura</strong></span> <span class='ocrx_word' id='word_1_340' title='bbox 471 2287 1016 2361; x_wconf 86' lang='lat' dir='ltr'><strong>pluralitatemretinent,</strong></span> <span class='ocrx_word' id='word_1_341' title='bbox 1030 2283 1112 2333; x_wconf 73' lang='lat' dir='ltr'><strong>nili</strong></span> <span class='ocrx_word' id='word_1_342' title='bbox 1132 2283 1263 2348; x_wconf 90' lang='lat' dir='ltr'><strong>super</strong></span> <span class='ocrx_word' id='word_1_343' title='bbox 1285 2282 1381 2328; x_wconf 89' lang='lat' dir='ltr'><strong>hoc</strong></span> <span class='ocrx_word' id='word_1_344' title='bbox 1404 2282 1486 2341; x_wconf 64' lang='grc' dir='ltr'><strong>(ζ)</strong></span> <span class='ocrx_word' id='word_1_345' title='bbox 1506 2280 1817 2345; x_wconf 86' lang='lat' dir='ltr'><strong>dispensatum</strong></span> <span class='ocrx_word' id='word_1_346' title='bbox 1845 2277 1975 2325; x_wconf 86' lang='lat' dir='ltr'><strong>fuiffe</strong></span> <span class='ocrx_word' id='word_1_347' title='bbox 1997 2292 2159 2325; x_wconf 86' lang='lat' dir='ltr'><strong>coram</strong></span> <span class='ocrx_word' id='word_1_348' title='bbox 2178 2277 2316 2325; x_wconf 87' lang='lat' dir='ltr'><strong>nobis</strong></span> <span class='ocrx_word' id='word_1_349' title='bbox 2337 2276 2406 2324; x_wconf 85' lang='lat' dir='ltr'><strong>in·</strong></span> 
     </span>
     <span class='ocr_line' id='line_1_34' title="bbox 226 2340 2429 2433; baseline -0.014 -14"><span class='ocrx_word' id='word_1_350' title='bbox 226 2371 300 2420; x_wconf 84' lang='lat' dir='ltr'><strong>fra</strong></span> <span class='ocrx_word' id='word_1_351' title='bbox 318 2364 581 2433; x_wconf 85' lang='lat' dir='ltr'><strong>proximam</strong></span> <span class='ocrx_word' id='word_1_352' title='bbox 605 2353 1017 2425; x_wconf 82' lang='lat' dir='ltr'><strong>Qadragefimam</strong></span> <span class='ocrx_word' id='word_1_353' title='bbox 1046 2353 1251 2399; x_wconf 87' lang='lat' dir='ltr'><strong>doceant</strong></span> <span class='ocrx_word' id='word_1_354' title='bbox 1281 2346 1522 2395; x_wconf 78' lang='lat' dir='ltr'><strong>manifeste</strong></span> <span class='ocrx_word' id='word_1_355' title='bbox 1534 2380 1549 2404; x_wconf 95' lang='lat'><strong>,</strong></span> <span class='ocrx_word' id='word_1_356' title='bbox 1587 2354 1668 2394; x_wconf 87' lang='lat' dir='ltr'><strong>aut</strong></span> <span class='ocrx_word' id='word_1_357' title='bbox 1687 2346 1718 2394; x_wconf 87' lang='lat' dir='ltr'>fi</span> <span class='ocrx_word' id='word_1_358' title='bbox 1739 2361 1849 2393; x_wconf 90' lang='lat' dir='ltr'><strong>cum</strong></span> <span class='ocrx_word' id='word_1_359' title='bbox 1869 2347 1934 2393; x_wconf 88' lang='lat' dir='ltr'><strong>eis</strong></span> <span class='ocrx_word' id='word_1_360' title='bbox 1954 2360 2054 2391; x_wconf 91' lang='lat' dir='ltr'><strong>non</strong></span> <span class='ocrx_word' id='word_1_361' title='bbox 2073 2344 2162 2390; x_wconf 93' lang='lat' dir='ltr'><strong>fuit</strong></span> <span class='ocrx_word' id='word_1_362' title='bbox 2181 2340 2429 2408; x_wconf 78' lang='lat' dir='ltr'><strong>dispensa·&#39;</strong></span> 
     </span>
     <span class='ocr_line' id='line_1_35' title="bbox 229 2411 2406 2496; baseline -0.014 -11"><span class='ocrx_word' id='word_1_363' title='bbox 229 2446 351 2493; x_wconf 89' lang='lat' dir='ltr'><strong>tum,</strong></span> <span class='ocrx_word' id='word_1_364' title='bbox 364 2431 539 2496; x_wconf 88' lang='lat' dir='ltr'><strong>eligant</strong></span> <span class='ocrx_word' id='word_1_365' title='bbox 550 2442 665 2491; x_wconf 89' lang='lat' dir='ltr'><strong>ergo</strong></span> <span class='ocrx_word' id='word_1_366' title='bbox 678 2438 827 2472; x_wconf 90' lang='lat' dir='ltr'><strong>unum</strong></span> <span class='ocrx_word' id='word_1_367' title='bbox 846 2422 907 2468; x_wconf 86' lang='lat' dir='ltr'><strong>de</strong></span> <span class='ocrx_word' id='word_1_368' title='bbox 930 2417 1156 2484; x_wconf 60' lang='lat' dir='ltr'><strong>praedietis</strong></span> <span class='ocrx_word' id='word_1_369' title='bbox 1169 2413 1406 2464; x_wconf 85' lang='lat' dir='ltr'><strong>beneficiis</strong></span> <span class='ocrx_word' id='word_1_370' title='bbox 1418 2414 1735 2470; x_wconf 83' lang='lat' dir='ltr'><strong>retinendum,</strong></span> <span class='ocrx_word' id='word_1_371' title='bbox 1751 2413 1801 2461; x_wconf 73' lang='grc' dir='ltr'><strong>ὅ(</strong></span> <span class='ocrx_word' id='word_1_372' title='bbox 1810 2411 1898 2459; x_wconf 86' lang='lat' dir='ltr'><strong>alia</strong></span> <span class='ocrx_word' id='word_1_373' title='bbox 1908 2411 2028 2459; x_wconf 88' lang='lat' dir='ltr'><strong>infra</strong></span> <span class='ocrx_word' id='word_1_374' title='bbox 2040 2411 2296 2458; x_wconf 86' lang='lat' dir='ltr'><strong>terminum</strong></span> <span class='ocrx_word' id='word_1_375' title='bbox 2305 2422 2406 2456; x_wconf 85' lang='lat' dir='ltr'><strong>me-</strong></span> 
     </span>
     <span class='ocr_line' id='line_1_36' title="bbox 227 2476 2406 2555; baseline -0.019 -2"><span class='ocrx_word' id='word_1_376' title='bbox 227 2509 468 2555; x_wconf 86' lang='lat' dir='ltr'><strong>moratum</strong></span> <span class='ocrx_word' id='word_1_377' title='bbox 478 2495 622 2544; x_wconf 72' lang='lat' dir='ltr'><strong>libere</strong></span> <span class='ocrx_word' id='word_1_378' title='bbox 640 2493 690 2540; x_wconf 90' lang='lat' dir='ltr'><strong>in</strong></span> <span class='ocrx_word' id='word_1_379' title='bbox 700 2488 911 2538; x_wconf 86' lang='lat' dir='ltr'><strong>manibus</strong></span> <span class='ocrx_word' id='word_1_380' title='bbox 923 2501 1090 2534; x_wconf 87' lang='lat' dir='ltr'><strong>eorum</strong></span> <span class='ocrx_word' id='word_1_381' title='bbox 1102 2483 1353 2549; x_wconf 85' lang='lat' dir='ltr'><strong>resignent,</strong></span> <span class='ocrx_word' id='word_1_382' title='bbox 1366 2482 1424 2528; x_wconf 86' lang='lat' dir='ltr'><strong>ad</strong></span> <span class='ocrx_word' id='word_1_383' title='bbox 1446 2496 1565 2545; x_wconf 87' lang='lat' dir='ltr'><strong>quos</strong></span> <span class='ocrx_word' id='word_1_384' title='bbox 1577 2480 1761 2528; x_wconf 85' lang='lat' dir='ltr'><strong>illorum</strong></span> <span class='ocrx_word' id='word_1_385' title='bbox 1773 2477 1968 2527; x_wconf 86' lang='lat' dir='ltr'><strong>collatio</strong></span> <span class='ocrx_word' id='word_1_386' title='bbox 1981 2476 2281 2542; x_wconf 80' lang='lat' dir='ltr'><strong>dignoscatur</strong></span> <span class='ocrx_word' id='word_1_387' title='bbox 2299 2485 2406 2541; x_wconf 67' lang='lat' dir='ltr'><strong>per.</strong></span> 
     </span>
     <span class='ocr_line' id='line_1_37' title="bbox 230 2543 2405 2626; baseline -0.02 4"><span class='ocrx_word' id='word_1_388' title='bbox 230 2574 380 2621; x_wconf 67' lang='lat' dir='ltr'><strong>tinere</strong></span> <span class='ocrx_word' id='word_1_389' title='bbox 404 2599 420 2624; x_wconf 67' lang='lat' dir='ltr'><strong>a</strong></span> <span class='ocrx_word' id='word_1_390' title='bbox 459 2560 665 2626; x_wconf 72' lang='lat' dir='ltr'><strong>alioquin</strong></span> <span class='ocrx_word' id='word_1_391' title='bbox 686 2572 747 2606; x_wconf 77' lang='lat' dir='ltr'><strong>ex</strong></span> <span class='ocrx_word' id='word_1_392' title='bbox 768 2564 882 2608; x_wconf 80' lang='lat' dir='ltr'><strong>tunc</strong></span> <span class='ocrx_word' id='word_1_393' title='bbox 905 2554 964 2616; x_wconf 81' lang='lat' dir='ltr'><strong>ab</strong></span> <span class='ocrx_word' id='word_1_394' title='bbox 990 2552 1206 2599; x_wconf 91' lang='lat' dir='ltr'><strong>omnibus</strong></span> <span class='ocrx_word' id='word_1_395' title='bbox 1230 2547 1540 2597; x_wconf 75' lang='lat' dir='ltr'><strong>ecclesiasticis</strong></span> <span class='ocrx_word' id='word_1_396' title='bbox 1561 2546 1823 2604; x_wconf 79' lang='lat' dir='ltr'><strong>beneficiiS,</strong></span> <span class='ocrx_word' id='word_1_397' title='bbox 1857 2544 2158 2612; x_wconf 88' lang='lat' dir='ltr'><strong>dignitatibus</strong></span> <span class='ocrx_word' id='word_1_398' title='bbox 2191 2544 2268 2592; x_wconf 88' lang='lat' dir='ltr'><strong>seu</strong></span> <span class='ocrx_word' id='word_1_399' title='bbox 2299 2543 2405 2606; x_wconf 85' lang='lat' dir='ltr'><strong>pe&#39;r-</strong></span> 
     </span>
     <span class='ocr_line' id='line_1_38' title="bbox 233 2605 2406 2689; baseline -0.013 -5"><span class='ocrx_word' id='word_1_400' title='bbox 233 2635 467 2689; x_wconf 73' lang='lat' dir='ltr'><strong>sonatibus</strong></span> <span class='ocrx_word' id='word_1_401' title='bbox 488 2630 529 2677; x_wconf 91' lang='lat' dir='ltr'><strong>se</strong></span> <span class='ocrx_word' id='word_1_402' title='bbox 550 2626 771 2675; x_wconf 86' lang='lat' dir='ltr'><strong>noverint</strong></span> <span class='ocrx_word' id='word_1_403' title='bbox 790 2621 882 2669; x_wconf 80' lang='lat' dir='ltr'><strong>effe</strong></span> <span class='ocrx_word' id='word_1_404' title='bbox 903 2620 1128 2685; x_wconf 89' lang='lat' dir='ltr'><strong>privatos.</strong></span> <span class='ocrx_word' id='word_1_405' title='bbox 1194 2616 1492 2681; x_wconf 86' lang='lat' dir='ltr'><strong>Praecipimus</strong></span> <span class='ocrx_word' id='word_1_406' title='bbox 1510 2623 1668 2662; x_wconf 88' lang='lat' dir='ltr'><strong>autem</strong></span> <span class='ocrx_word' id='word_1_407' title='bbox 1692 2614 1776 2662; x_wconf 92' lang='lat' dir='ltr'><strong>illis</strong></span> <span class='ocrx_word' id='word_1_408' title='bbox 1800 2615 1858 2662; x_wconf 87' lang='lat' dir='ltr'><strong>ad</strong></span> <span class='ocrx_word' id='word_1_409' title='bbox 1878 2628 1997 2678; x_wconf 91' lang='lat' dir='ltr'><strong>quos</strong></span> <span class='ocrx_word' id='word_1_410' title='bbox 2019 2611 2206 2670; x_wconf 83' lang='lat' dir='ltr'><strong>illorum</strong></span> <span class='ocrx_word' id='word_1_411' title='bbox 2229 2605 2406 2656; x_wconf 82' lang='lat' dir='ltr'><strong>benefi-</strong></span> 
     </span>
     <span class='ocr_line' id='line_1_39' title="bbox 233 2675 2405 2760; baseline -0.018 0"><span class='ocrx_word' id='word_1_412' title='bbox 233 2705 436 2759; x_wconf 63' lang='lat' dir='ltr'><strong>ciorum)</strong></span> <span class='ocrx_word' id='word_1_413' title='bbox 455 2695 735 2760; x_wconf 68' lang='lat' dir='ltr'><strong>dignitatum</strong></span> <span class='ocrx_word' id='word_1_414' title='bbox 755 2689 833 2739; x_wconf 81' lang='lat' dir='ltr'><strong>seu</strong></span> <span class='ocrx_word' id='word_1_415' title='bbox 853 2688 1184 2753; x_wconf 82' lang='lat' dir='ltr'><strong>personatuum</strong></span> <span class='ocrx_word' id='word_1_416' title='bbox 1206 2683 1396 2731; x_wconf 89' lang='lat' dir='ltr'><strong>collatio</strong></span> <span class='ocrx_word' id='word_1_417' title='bbox 1417 2685 1639 2747; x_wconf 89' lang='lat' dir='ltr'><strong>pertinet,</strong></span> <span class='ocrx_word' id='word_1_418' title='bbox 1652 2690 1705 2729; x_wconf 90' lang='lat' dir='ltr'><strong>ut</strong></span> <span class='ocrx_word' id='word_1_419' title='bbox 1717 2681 1811 2729; x_wconf 88' lang='lat' dir='ltr'><strong>aliis</strong></span> <span class='ocrx_word' id='word_1_420' title='bbox 1824 2680 2030 2745; x_wconf 89' lang='lat' dir='ltr'><strong>personis</strong></span> <span class='ocrx_word' id='word_1_421' title='bbox 2043 2677 2224 2726; x_wconf 89' lang='lat' dir='ltr'><strong>idoneis</strong></span> <span class='ocrx_word' id='word_1_422' title='bbox 2236 2675 2405 2722; x_wconf 86' lang='lat' dir='ltr'><strong>eadem</strong></span> 
     </span>
     <span class='ocr_line' id='line_1_40' title="bbox 236 2741 2406 2823; baseline -0.015 -3"><span class='ocrx_word' id='word_1_423' title='bbox 236 2768 487 2822; x_wconf 88' lang='lat' dir='ltr'><strong>conferant</strong></span> <span class='ocrx_word' id='word_1_424' title='bbox 507 2762 556 2810; x_wconf 76' lang='grc' dir='ltr'><strong>ὅ(</strong></span> <span class='ocrx_word' id='word_1_425' title='bbox 575 2757 817 2823; x_wconf 78' lang='lat' dir='ltr'><strong>assignent.</strong></span> <span class='ocrx_word' id='word_1_426' title='bbox 914 2753 1062 2819; x_wconf 85' lang='lat' dir='ltr'><strong>Qod</strong></span> <span class='ocrx_word' id='word_1_427' title='bbox 1085 2751 1115 2798; x_wconf 80' lang='lat' dir='ltr'><strong>si</strong></span> <span class='ocrx_word' id='word_1_428' title='bbox 1135 2751 1251 2799; x_wconf 87' lang='lat' dir='ltr'><strong>infra</strong></span> <span class='ocrx_word' id='word_1_429' title='bbox 1271 2751 1524 2798; x_wconf 89' lang='lat' dir='ltr'><strong>terminum</strong></span> <span class='ocrx_word' id='word_1_430' title='bbox 1546 2749 1911 2796; x_wconf 86' lang='lat' dir='ltr'><strong>determinatum</strong></span> <span class='ocrx_word' id='word_1_431' title='bbox 1943 2746 1970 2791; x_wconf 76' lang='lat' dir='ltr'><strong>a</strong></span> <span class='ocrx_word' id='word_1_432' title='bbox 1990 2745 2103 2808; x_wconf 92' lang='lat' dir='ltr'><strong>Jure</strong></span> <span class='ocrx_word' id='word_1_433' title='bbox 2135 2743 2232 2790; x_wconf 90' lang='lat' dir='ltr'><strong>hoc</strong></span> <span class='ocrx_word' id='word_1_434' title='bbox 2263 2741 2406 2790; x_wconf 84' lang='lat' dir='ltr'><strong>adim-</strong></span> 
     </span>
     <span class='ocr_line' id='line_1_41' title="bbox 234 2810 2406 2923; baseline -0.015 -36"><span class='ocrx_word' id='word_1_435' title='bbox 234 2838 365 2923; x_wconf 78' lang='lat' dir='ltr'><strong>plere</strong></span> <span class='ocrx_word' id='word_1_436' title='bbox 384 2847 482 2880; x_wconf 91' lang='lat' dir='ltr'><strong>non</strong></span> <span class='ocrx_word' id='word_1_437' title='bbox 502 2825 792 2880; x_wconf 87' lang='lat' dir='ltr'><strong>curaverint,</strong></span> <span class='ocrx_word' id='word_1_438' title='bbox 826 2823 885 2870; x_wconf 88' lang='lat' dir='ltr'><strong>ad</strong></span> <span class='ocrx_word' id='word_1_439' title='bbox 911 2821 1180 2885; x_wconf 82' lang='lat' dir='ltr'><strong>proximum</strong></span> <span class='ocrx_word' id='word_1_440' title='bbox 1202 2818 1503 2882; x_wconf 87' lang='lat' dir='ltr'><strong>Superiorem</strong></span> <span class='ocrx_word' id='word_1_441' title='bbox 1538 2815 1727 2877; x_wconf 87' lang='lat' dir='ltr'><strong>collatio</strong></span> <span class='ocrx_word' id='word_1_442' title='bbox 1760 2812 2054 2862; x_wconf 88' lang='lat' dir='ltr'><strong>devolvatur.</strong></span> <span class='ocrx_word' id='word_1_443' title='bbox 2143 2810 2266 2857; x_wconf 91' lang='lat' dir='ltr'><strong>Item</strong></span> <span class='ocrx_word' id='word_1_444' title='bbox 2296 2823 2406 2856; x_wconf 87' lang='lat' dir='ltr'><strong>cum</strong></span> 
     </span>
     <span class='ocr_line' id='line_1_42' title="bbox 230 2875 2407 2991; baseline -0.017 -36"><span class='ocrx_word' id='word_1_445' title='bbox 230 2901 522 2973; x_wconf 69' lang='lat' dir='ltr'><strong>judiciorum</strong></span> <span class='ocrx_word' id='word_1_446' title='bbox 541 2888 920 2960; x_wconf 68' lang='lat' dir='ltr'><strong>vigor,&#39;jurisque</strong></span> <span class='ocrx_word' id='word_1_447' title='bbox 945 2885 1117 2953; x_wconf 90' lang='lat' dir='ltr'><strong>publici</strong></span> <span class='ocrx_word' id='word_1_448' title='bbox 1136 2884 1283 2934; x_wconf 84' lang='lat' dir='ltr'><strong>tutela</strong></span> <span class='ocrx_word' id='word_1_449' title='bbox 1305 2885 1358 2933; x_wconf 79' lang='lat' dir='ltr'><strong>fit</strong></span> <span class='ocrx_word' id='word_1_450' title='bbox 1380 2886 1428 2932; x_wconf 90' lang='lat' dir='ltr'><strong>in</strong></span> <span class='ocrx_word' id='word_1_451' title='bbox 1450 2886 1610 2933; x_wconf 87' lang='lat' dir='ltr'><strong>medio</strong></span> <span class='ocrx_word' id='word_1_452' title='bbox 1633 2880 1903 2936; x_wconf 86' lang='lat' dir='ltr'><strong>constituta,</strong></span> <span class='ocrx_word' id='word_1_453' title='bbox 1921 2893 1980 2926; x_wconf 89' lang='lat' dir='ltr'><strong>ne</strong></span> <span class='ocrx_word' id='word_1_454' title='bbox 2003 2878 2105 2942; x_wconf 89' lang='lat' dir='ltr'><strong>quis</strong></span> <span class='ocrx_word' id='word_1_455' title='bbox 2125 2875 2204 2925; x_wconf 83' lang='lat' dir='ltr'><strong>fibi</strong></span> <span class='ocrx_word' id='word_1_456' title='bbox 2225 2875 2407 2991; x_wconf 53' lang='lat' dir='ltr'><strong>fungier-e</strong></span> 
     </span>
    </p>

    <p class='ocr_par' dir='ltr' id='par_1_6' title="bbox 2240 2949 2408 2992">
     <span class='ocr_line' id='line_1_43' title="bbox 2240 2949 2408 2992; baseline 0.006 -1"><span class='ocrx_word' id='word_1_457' title='bbox 2240 2956 2299 2991; x_wconf 87' lang='lat' dir='ltr'><strong>au</strong></span> <span class='ocrx_word' id='word_1_458' title='bbox 2330 2949 2408 2992; x_wconf 80' lang='lat' dir='ltr'><strong>eat</strong></span> 
     </span>
    </p>
   </div>
   <div class='ocr_carea' id='block_1_6' title="bbox 302 3036 1797 3110">
    <p class='ocr_par' dir='ltr' id='par_1_7' title="bbox 302 3036 1797 3110">
     <span class='ocr_line' id='line_1_44' title="bbox 302 3036 1797 3110; baseline -0.008 -15"><span class='ocrx_word' id='word_1_459' title='bbox 302 3052 366 3110; x_wconf 80' lang='grc' dir='ltr'><strong>(ι)</strong></span> <span class='ocrx_word' id='word_1_460' title='bbox 393 3049 607 3094; x_wconf 75' lang='lat' dir='ltr'><strong>multotum.</strong></span> <span class='ocrx_word' id='word_1_461' title='bbox 681 3048 747 3103; x_wconf 87' lang='lat'><strong>(2)</strong></span> <span class='ocrx_word' id='word_1_462' title='bbox 773 3044 1081 3097; x_wconf 73' lang='lat' dir='ltr'><strong>substituendum,</strong></span> <span class='ocrx_word' id='word_1_463' title='bbox 1099 3055 1243 3086; x_wconf 77' lang='lat' dir='ltr'><strong>comma</strong></span> <span class='ocrx_word' id='word_1_464' title='bbox 1258 3057 1326 3100; x_wconf 80' lang='lat' dir='ltr'><strong>pro</strong></span> <span class='ocrx_word' id='word_1_465' title='bbox 1342 3044 1493 3099; x_wconf 65' lang='lat' dir='ltr'><strong>puncto.</strong></span> <span class='ocrx_word' id='word_1_466' title='bbox 1574 3040 1637 3095; x_wconf 84' lang='lat'><strong>(3)</strong></span> <span class='ocrx_word' id='word_1_467' title='bbox 1662 3036 1797 3083; x_wconf 77' lang='lat' dir='ltr'><strong>secum·</strong></span> 
     </span>
    </p>
   </div>
  </div>
 </body>
</html>
