2535 3448
142 200 146 203 ’
184 205 279 258 '33²
647 193 914 243 Colleffion
924 224 938 248 ,
965 200 1072 245 von
1100 188 1432 260 &tif’nungess'
1451 195 1845 250 Confirmations-
2069 203 2287 266 '31³eriod.
2306 217 2310 221 “

185 274 2202 302 Q

178 320 627 383 Concanonicorum
648 316 913 365 nostrorum
933 319 990 364 ab
1012 317 1101 365 alio
1115 317 1336 368 lateribus
1349 322 1582 372 confinata
1596 328 1644 375 ὃς
1657 327 1832 384 situata,
1848 343 1988 392 quam
1998 330 2123 376 idem
2136 331 2226 378 Dn.
2240 332 2353 380 Hel-

156 388 158 390 ’
177 387 377 442 moldus,
399 383 584 446 majoris
598 384 857 446 praebendae
869 384 953 430 suae
966 384 1131 447 vigore
1147 384 1363 450 poffidet,
1390 397 1590 450 quatuor
1610 409 1871 441 marcarum
1883 395 2126 442 Lubicenss
2141 397 2354 445 den'ario·

177 469 281 501 rum
295 464 472 499 annuos
485 450 691 496 redditus
712 450 761 495 in
773 448 895 497 dieta
913 450 987 497 sua
1001 452 1127 498 curia
1139 451 1418 500 Canonicali
1439 469 1523 518 per
1543 472 1647 515 nos,
1667 460 1913 507 occasione
1937 461 2094 523 pontis
2115 461 2164 507 in
2182 463 2354 509 eadem

176 520 253 566 sua
264 517 389 565 curia
402 521 702 578 comparatos
713 516 763 563 ὃς
775 522 963 580 emptos
974 532 1061 581 pro
1073 517 1310 581 sexaginta
1321 521 1488 573 marcis
1500 520 1828 572 Lubicensium
1847 528 2144 580 denariorum
2165 527 2354 575 summae

177 580 401 645 Capitalis
422 582 481 628 de
503 581 587 628 suis
610 582 808 645 propriis
830 583 1039 646 pecuniis
1058 582 1275 641 redemit,
1288 584 1338 634 ὃς
1350 587 1548 634 eandem
1560 589 1683 635 suam
1697 590 1872 636 curiam
1883 593 1941 638 ab
1954 608 2100 640 onere
2114 592 2354 641 solutionis

174 645 444 710 hujusmodi
457 654 660 712 quatuor
670 663 933 696 marcarum
943 665 1208 698 annuorum
1219 652 1486 700 reddituum
1497 653 1712 703 liberavit
1724 654 1773 702 &
1785 655 2014 717 alienavit.
2080 657 2172 706 Pro
2187 659 2354 723 quibus

174 715 367 779 quidem
389 713 625 777 sexaginta
646 729 909 762 marcarum
927 715 1174 778 Lubicenss
1189 719 1485 767 denariorum
1497 752 1511 776 ,
1548 721 1621 781 (*)
1651 715 1766 768 ficut
1786 723 2083 784 praemittitur
2101 740 2188 788 per
2206 724 2357 789 ipsum

172 781 266 828 Dn.
278 779 585 828 Helmoldum
605 780 762 828 solutis
781 782 1076 830 vendidimus
1095 782 1222 831 dieto
1243 785 1335 833 Dn.
1357 785 1614 834 Helmoldo
1641 801 1696 833 ac
1725 788 1971 835 vendimus
1998 803 2085 852 per
2108 791 2356 852 praesentes

172 847 222 894 in
235 844 357 894 dista
367 847 442 893 sua
455 846 659 912 superius
670 845 934 911 specificata
946 850 1088 906 curia,
1101 849 1151 900 ὅς
1160 865 1220 898 ex
1243 865 1298 898 ea
1319 852 1368 897 in
1390 853 1746 916 recompensam
1762 854 2070 917 reemptionis
2082 852 2356 916 hujusmodi

172 911 496 976 praedittarum
509 921 711 977 quatuor
723 929 986 962 marcarum
996 915 1159 963 fimiles
1173 932 1355 965 annuos
1369 933 1434 981 ⁴qu
1440 925 1577 966 atuor
1588 921 1849 966 marcarum
1860 921 2066 967 redditus
2079 920 2233 967 eidem
2244 921 2356 968 Dno

172 978 432 1027 Helmoldo
455 980 513 1026 de
526 977 801 1043 wlverbi'ngf,
819 981 1078 1029 haeredibus
1091 982 1176 1030 suis
1188 991 1268 1030 aut
1279 982 1431 1031 literas
1444 983 1546 1032 istas
1559 999 1669 1031 cum
1680 984 1926 1033 voluntate
1941 986 2016 1032 sua
2027 986 2076 1034 ὃς
2087 1000 2253 1034 eorum
2273 987 2356 1034 ha-

174 1046 407 1103 bentibus,
422 1052 503 1093 aut
515 1046 607 1102 cui,
618 1045 697 1094 vel
709 1046 872 1111 quibus
886 1046 986 1095 illos
999 1056 1200 1112 quatuor
1211 1064 1472 1098 marcai-um
1482 1052 1688 1098 redditus
1703 1052 2004 1108 ordinandos,
2015 1053 2264 1109 donandos
2277 1051 2354 1100 seu

172 1112 441 1176 dirigendos
458 1112 643 1159 duxerit
659 1112 780 1160 intra
793 1111 1001 1162 O&avas
1013 1114 1154 1162 Pasce
1176 1116 1417 1163 annuatim
1436 1115 1625 1164 indilate
1644 1116 1978 1180 persolvendos
1997 1133 2009 1162 ε
2048 1117 2358 1181 Qiapropter

171 1177 393 1227 volumus
413 1178 463 1226 ὃ(
475 1179 763 1235 ordinamus,
786 1187 1015 1243 quatenus
1040 1180 1209 1230 diss‘cam
1223 1182 1417 1230 Curiam
1431 1182 1791 1238 Canonicalem,
1813 1182 1872 1228 fic
1891 1189 1946 1228 ut
1966 1184 2278 1246 praemittitur,
2292 1182 2357 1230 su-

171 1245 326 1309 perius
348 1241 659 1308 specificatam
683 1259 741 1291 ex
755 1246 887 1293 obitu
908 1249 1160 1294 memorati
1173 1247 1515 1295 DniHelmoldi
1537 1250 1595 1295 de
1607 1245 1885 1309 ἳίῐιιεΐῦίηῃῗ,
1906 1247 2142 1310 liberaque
2161 1247 2357 1310 resigna-

171 1312 305 1358 tione
326 1318 406 1357 aut
426 1311 775 1374 permutatione
800 1318 881 1359 aut
902 1312 1009 1359 alias
1033 1314 1200 1376 quovis
1221 1315 1369 1359 modo
1389 1320 1666 1370 vacantem,
1699 1329 1784 1376 pro
1807 1320 2027 1376 tempore
2040 1312 2258 1360 obtinens
2279 1311 2357 1361 vel

171 1374 405 1441 poffidens
417 1374 567 1423 di&os
579 1384 780 1440 quatuor
792 1393 1052 1425 marcarum
1073 1393 1253 1425 annuos
1264 1379 1489 1434 redditus,
1509 1377 1589 1426 vel
1612 1379 1870 1441 sexagintas
1886 1392 2064 1424 marcas
2074 1377 2358 1427 Lubicenses

172 1444 375 1490 Summae
390 1441 614 1506 Capitalis
637 1441 881 1506 praedi&ae,
902 1445 960 1490 ad
979 1439 1082 1490 illos
1103 1444 1223 1500 usus,
1249 1445 1306 1491 ad
1318 1459 1437 1509 quos
1449 1445 1575 1505 idem
1586 1444 1676 1492 Dn.
1688 1442 1986 1500 Helmoldus,
1999 1445 2157 1507 quoad
2168 1444 2356 1501 vixerit,

171 1510 222 1559 ὃς
235 1507 339 1573 post
349 1508 482 1573 ipsius
495 1508 678 1554 obitum
691 1509 752 1556 sui
764 1509 987 1564 haeredes,
1001 1509 1078 1558 vel
1089 1510 1339 1574 praesentes
1360 1509 1515 1559 literas
1538 1524 1646 1557 cum
1658 1509 1795 1574 ipssus
1818 1516 1900 1557 aut
1916 1524 2084 1556 eorum
2107 1509 2357 1563 voluntate

170 1576 452 1622 habentibus
476 1574 692 1621 duxerint
711 1575 995 1621 ordinandos
1019 1576 1067 1621 in
1087 1578 1217 1622 bono
1238 1592 1370 1633 auro,
1383 1572 1492 1638 justi
1511 1577 1750 1640 ponderis,
1771 1574 1958 1622 realiter
1980 1573 2161 1623 solvere
2185 1575 2356 1625 &cum

171 1638 346 1689 effestu
367 1654 599 1704 expagare
625 1640 854 1689 debeat&
867 1648 1099 1697 teneatur,
1125 1643 1478 1705 quibuscunque
1499 1642 1859 1705 exceptionibus
1879 1640 2288 1702 &impedimentis
2304 1644 2354 1698 in

171 1707 456 1756 conti-arium
472 1721 665 1769 quoquo
686 1707 835 1753 modo
858 1707 1136 1755 facientibus
1158 1704 1443 1755 irritantibus
1457 1708 1506 1755 ὅ(
1519 1708 1717 1754 omnino
1738 1706 2050 1753 resecantibus
2070 1723 2086 1766 3
2121 1707 2356 1755 reservata

168 1772 472 1821 nihilominus
484 1770 656 1820 (fidiam
669 1773 843 1819 curiam
858 1788 946 1838 pro
961 1772 1179 1838 tempore
1191 1774 1386 1821 habenti
1397 1773 1474 1821 vel
1486 1771 1737 1837 possidenti
1751 1771 1957 1836 plenaria
1968 1771 2218 1836 potestate,
2225 1773 2357 1837 quod

169 1840 251 1905 ipsi
264 1837 413 1886 diuos
427 1848 630 1902 quatuor
641 1854 902 1885 marcarum
914 1841 1126 1887 redditus
1140 1855 1320 1888 annuos
1334 1855 1422 1903 pro
1439 1839 1674 1903 sexaginta
1684 1838 1852 1885 marcis
1867 1845 2071 1885 monetae
2083 1838 2355 1887 Lubicenfis

168 1908 221 1956 in
240 1906 370 1952 bono
390 1918 503 1950 auro
524 1902 627 1965 justi
647 1905 886 1967 ponderis,
900 1905 1075 1952 summa
1085 1906 1307 1953 videlicet
1321 1905 1505 1969 capitali
1518 1903 1754 1968 praedieia,
1771 1904 1966 1967 praefato
1977 1904 2084 1952 Dno
2097 1903 2356 1952 Helmoldo

170 1974 230 2020 de
242 1966 514 2031 ffllvetbi'ngf,
528 1969 615 2015 suls
625 1970 884 2016 haeredibus
899 1978 978 2016 aut
990 1971 1145 2018 literas
1159 1969 1430 2034 hujusmodi
1441 1986 1549 2016 cum
1563 1970 1638 2016 sua
1647 1978 1728 2015 aut
1740 1984 1906 2015 eorum
1916 1969 2166 2017 voluntate
2174 1971 2356 2017 'haben-

170 2035 642 2093 tibus&tenentibus
659 2036 734 2094 (ut
747 2035 1012 2098 praefertur)
1035 2035 1383 2100 persolvendos,
1396 2049 1625 2090 reemere,
1637 2034 1841 2096 &ipsam
1860 2035 2060 2080 eandem
2081 2035 2257 2080 curiam
2277 2049 2355 2082 ca-

169 2101 440 2152 nonicalem
460 2102 518 2147 ab
538 2084 808 2162 hujusmodi
829 2108 1032 2164 quatuor
1049 2117 1312 2149 marcarum
1335 2115 1598 2147 annuorum
1616 2100 1885 2146 reddituum
1905 2098 2135 2146 solutione
2153 2099 2351 2149 liberare

170 2186 228 2218 ac
241 2169 420 2234 quitare
437 2163 578 2231 possit
591 2167 640 2215 ὅ(
651 2166 807 2213 valeat
830 2168 1258 2231 (quandocunque)
1269 2168 1532 2215 dummodo
1544 2166 1891 2229 reemptionem
1903 2161 2172 2226 hujusmodi
2194 2165 2255 2213 illi
2275 2166 2357 2215 vel

170 2237 273 2292 illis,
287 2235 361 2281 cui
371 2233 448 2281 vel
462 2233 626 2296 quibus
637 2233 870 2280 intimatio
881 2234 1051 2280 merito
1066 2232 1165 2280 fieri
1178 2235 1365 2289 debeat,
1384 2233 1442 2279 ad
1456 2230 1661 2296 quartale
1673 2231 1808 2278 unius
1821 2231 1928 2277 anni
1951 2230 2352 2294 praeintimaverit.

170 2301 322 2350 Etiam
345 2296 644 2361 adjiciemus,
678 2300 808 2363 quod
831 2299 1024 2363 praefato
1039 2301 1149 2347 Dno
1160 2298 1425 2347 Helmoldo.
1446 2297 1904 2362 suisque'haei-edibus
1927 2312 1981 2343 ac
1995 2295 2350 2348 testamentariis
2428 2316 2433 2322 ‘

173 2375 255 2418 aut
266 2362 534 2428 hujusmodi
544 2365 698 2412 literas
712 2381 818 2412 cum
833 2365 906 2412 sua
918 2380 971 2412 ac
986 2375 1153 2412 eorum
1165 2364 1414 2413 voluntate
1425 2364 1706 2411 habentibus
1719 2371 1888 2409 tenore
1901 2362 2192 2426 praesentium
2206 2362 2354 2411 indul-

173 2447 356 2500 gemus,
372 2433 498 2496 quod
509 2432 602 2495 ipse
614 2431 783 2495 velipfi
795 2446 854 2478 ex
867 2432 1028 2495 quavis
1042 2433 1176 2479 causa
1187 2433 1261 2478 seu
1273 2427 1545 2478 neceffitate
1559 2430 1705 2493 ipsum
1716 2430 1792 2476 seu
1806 2429 1927 2493 ipsos
1946 2435 2174 2480 monente
2197 2429 2224 2475 a
2242 2444 2352 2492 qua-

105 2508 110 2510 ’
172 2502 244 2550 vis
258 2498 454 2563 persona
474 2497 549 2544 seu
562 2499 901 2545 communitate
915 2495 1055 2560 poffit
1074 2498 1151 2545 seu
1171 2494 1347 2563 poffint
1362 2499 1575 2561 recipere
1595 2498 1643 2544 in
1663 2494 2065 2543 eandemCuriam
2081 2495 2353 2543 Canonica-

172 2568 270 2615 lem
293 2564 427 2628 super
447 2559 717 2624 hujusmodi
734 2561 888 2609 literas
910 2564 1146 2628 sexaginta
1165 2579 1344 2612 marcas
1365 2570 1570 2624 monetae
1581 2561 1846 2610 Lubicenfis
1867 2561 2103 2625 ipsamque
2123 2560 2350 2608 summam

175 2629 426 2695 capitalem
447 2630 496 2675 in
507 2635 666 2674 totum
682 2627 758 2674 feu
779 2629 827 2674 in
849 2637 1029 2691 partem
1042 2630 1179 2679 &fibi
1199 2631 1397 2695 desuper
1419 2631 1528 2677 dare
1549 2627 1817 2691 hujusmodi
1837 2626 2009 2675 literas.
2077 2627 2128 2673 In
2148 2640 2348 2690 quorum

177 2696 390 2747 omnium
401 2693 449 2742 ὅ(
463 2692 746 2766 singulorum
759 2694 1089 2757 praemifforum
1103 2695 1244 2744 fidem
1256 2698 1305 2746 ὃ(
1314 2696 1631 2744 testimonium
1649 2694 1894 2759 praesentes
1903 2692 2057 2741 literas
2068 2689 2185 2747 fieri,
2204 2691 2350 2753 sigilli·
2395 2725 2404 2732 ·

178 2781 271 2831 que
284 2759 426 2809 nostri
439 2759 646 2821 majoris,
659 2774 754 2822 quo
767 2760 815 2805 in
826 2759 1039 2836 fimilibiis
1050 2763 1241 2819 utimur,
1247 2760 1459 2825 jussimus
1471 2763 1726 2837 &fecimus
1748 2759 2030 2824 appenfione
2051 2758 2346 2836 communiri.

174 2826 766 2952 garpamffiffizgkngebffigcssnno
778 2825 805 2872 a
815 2833 1058 2878 nativitate
1073 2829 1265 2882 Domini
1285 2827 1529 2901 millesimo
1551 2824 1925 2895 quingentesimo·
1937 2823 2069 2875 sexto
2083 2823 2288 2882 decime,
2299 2839 2349 2874 in

225 2913 272 2963 gi
288 2913 304 2948 i
666 2925 682 2939 ·

384 3053 448 3109 (a)
478 3051 571 3096 deest
586 3067 659 3099 vox
675 3051 897 3098 redditibus.‘

2131 2955 2363 3025 vain„
