2535 3448
189 415 251 451 ex
273 392 538 460 hujusmodi
558 384 880 436 Canonicatus
912 380 961 429 ὅ(
978 378 1244 427 Praebendae
1271 375 1510 425 ereffione
1540 379 1585 426 se
1624 370 1807 444 speciali
1832 381 2214 428 remuneratione
2249 397 2361 444 gau..

185 469 332 516 deant
366 458 455 507 effe
482 454 777 521 praemiatos,
810 449 987 495 eisdem
1005 445 1212 510 Johanni
1236 443 1458 491 Genitori
1493 444 1542 493 δε
1566 445 1772 507 Johanni
1797 447 2105 510 Presbytem,
2141 448 2363 510 quamdiu

147 560 150 563 ·
189 532 336 582 Vitam
356 523 573 573 duxerint
604 520 652 566 in
672 516 913 572 humanis,
947 528 1001 560 ac
1025 511 1129 577 post
1154 526 1319 558 eorum
1347 510 1458 556 hinc
1490 510 1598 556 inde
1633 511 1995 569 resolutionem,
2028 512 2288 559 haeredibus
2310 507 2362 561 δὲ

184 589 543 655 consanguineis
568 601 733 635 eorum
757 584 813 629 ab
836 580 934 645 ipso
956 578 1173 643 Johan'ne
1195 579 1299 624 cive
1320 576 1708 623 descendentibus
1721 602 1746 631 .-,.
1768 577 1943 642 illisque
1964 578 2164 625 (imiliter
2185 578 2245 624 de
2263 592 2363 625 me-

188 662 269 710 dio
294 657 474 707 sublatis
496 652 705 718 ejusdem
727 647 953 713 johannis
977 644 1355 708 consanguineis,
1393 653 1451 688 ex
1475 639 1610 704 ipfius
1628 640 1750 688 linea
1772 638 2025 690 collaterali
2043 643 2364 690 descendenti-

187 729 301 783 bus,
334 724 498 790 quibus
528 719 746 768 omnibus
774 716 832 762 de
860 713 1018 761 medio
1043 710 1225 758 sublatis
1258 709 1496 773 quondam
1523 709 1744 754 Gertrudis
1778 707 1983 770 praediffi
2011 707 2216 765 Johannt’e
2247 701 2387 757 civis*

188 792 349 841 uxoris
371 788 720 850 consanguineo
752 782 934 844 semper
966 776 1242 842 proximiori
1277 775 1326 823 ὃ(
1358 774 1546 829 seniori,
1592 771 1912 837 cujuscunque
1946 773 2076 820 sexus
2109 771 2390 822 exstiterint?

188 857 401 926 personis
436 851 653 916 religiosis
681 850 906 896 duntaxat
934 844 1172 906 exceptis,
1209 846 1282 899 Jus
1306 844 1563 885 Patronatus
1599 840 1628 886 s.
1653 839 1957 902 praesentandi
1988 838 2235 902 personam
2269 839 2369 886 ido-

189 940 332 974 neam
368 922 426 969 ad
460 919 608 969 dietus
638 915 986 963 Canonicatum
1020 909 1069 958 ὅ(
1090 907 1393 955 Praebendam
1421 905 1710 969 temporibus
1732 905 2054 952 Vacationum
2086 905 2285 952 Decano
2319 904 2370 954 ὅ(

190 988 421 1055 Capitulo
457 985 590 1035 dieite
608 980 815 1031 Ecclefiae
851 975 1015 1026 nostrae
1050 988 1139 1038 pro
1172 980 1390 1036 tempore
1427 970 1665 1026 existenti,
1703 977 1783 1016 aut
1810 971 1923 1017 inibi
1948 969 2261 1027 instituendo,
2296 984 2371 1017 us-

114 1079 120 1081 ·
193 1073 286 1122 que
311 1057 369 1103 ad
389 1061 582 1102 centum
606 1050 656 1099 ὅ(
672 1046 839 1111 viginti
861 1057 1034 1098 annos,
1065 1040 1092 1086 ὲ
1112 1040 1223 1086 dato
1280 1038 1538 1084 raesentium
1571 1037 1902 1091 numerandos,
1924 1037 2258 1093 concedimus,
2291 1037 2368 1083 da.

193 1140 326 1180 mus,
356 1122 405 1170 &
431 1119 652 1184 largimur
680 1129 766 1178 per
797 1111 1057 1176 praesentes.
1170 1105 1239 1165 Po
1281 1117 1442 1159 remO,
1478 1101 1613 1164 super
1639 1102 1785 1147 domo
1816 1101 2022 1163 angulari
2053 1116 2114 1147 ex
2148 1101 2371 1166 opposito

195 1187 366 1240 scholae
395 1185 589 1238 nostrae,
622 1196 762 1244 quam
789 1177 1029 1242 quondam
1058 1178 1189 1219 chr.
1213 1171 1404 1224 Casuelt,
1436 1169 1548 1213 dum
1575 1166 1694 1214 vixit
1711 1165 1985 1212 Canonicus
2010 1165 2167 1212 noster
2198 1168 2256 1212 ad
2268 1164 2373 1228 jam

197 1250 440 1322 suppress'ae
473 1266 526 1298 ac
559 1251 603 1296 S.
629 1240 940 1306 Mat-garizim,
972 1256 1115 1305 quam
1139 1252 1263 1285 nunc
1287 1237 1377 1282 Dn.
1406 1240 1533 1281 Henr.
1556 1233 1873 1292 Leddinghusen
1907 1233 1955 1278 in
1987 1230 2122 1295 supra
2152 1229 2274 1278 dicia
2290 1231 2375 1278 Ec-

199 1323 332 1372 clefia
361 1318 515 1368 nostra
539 1315 750 1368 obtinet,
785 1316 1119 1375 perpetuarum
1141 1304 1435 1352 Vicariarum
1469 1300 1571 1346 usus
1604 1300 1662 1345 ad
1683 1298 2038 1345 inhabitandum
2061 1297 2138 1360 pie
2161 1297 2372 1352 dederat,

200 1393 261 1438 de
285 1386 515 1436 dictorum
537 1384 663 1429 Dnn.
692 1378 787 1438 Joh.
820 1372 1111 1434 Pinnenbergh
1136 1371 1184 1419 ὃς
1207 1371 1380 1415 Henrici
1403 1365 1720 1426 Leddinghufim
1754 1363 1979 1411 consensu
2015 1363 2168 1410 taliter
2194 1362 2377 1409 ordina-

201 1457 354 1506 vimus
378 1486 392 1509 ,
437 1459 491 1498 ut
521 1447 619 1504 ille,
651 1447 729 1510 qui
757 1446 805 1491 in
832 1442 984 1490 altero«
999 1437 1268 1501 hujusmodi
1287 1432 1626 1482 beneficiorum
1649 1432 1857 1494 priorem
1880 1429 2095 1476 habuerit
2117 1428 2206 1477 (ive
2229 1429 2378 1476 habet
2455 1462 2456 1466 ,

203 1519 470 1586 ingressum,
495 1514 686 1563 habebit
706 1509 1017 1566 eleffionem3
1053 1507 1099 1552 Si
1121 1501 1365 1568 posteriori
1386 1501 1444 1546 ad
1465 1501 1591 1546 suum
1612 1495 1894 1544 beneficium
1912 1492 2171 1559 ingreffum*
2181 1493 2379 1545 habenti

203 1586 386 1652 singulis
410 1584 539 1632 annis
564 1582 611 1627 in
632 1576 748 1625 festo
767 1575 949 1624 Paschae
972 1574 1172 1619 duorum
1193 1567 1478 1618 talentorum
1508 1565 1714 1612 redditus
1737 1562 1914 1610 solvere
1935 1561 2167 1616 voluerit,
2203 1557 2380 1607 difflatu

204 1659 401 1705 domum
422 1651 506 1698 suae
528 1647 635 1695 vitae
656 1642 945 1706 temporibus
966 1638 1224 1686 inhabitare
1246 1633 1449 1697 poterit,
1485 1630 1689 1694 alioquin
1717 1630 1916 1675 eandem
1938 1627 2132 1673 domum
2155 1624 2388 1689 posterim

205 1738 307 1772 rem
330 1720 388 1766 ad
409 1717 538 1764 suum
559 1709 839 1759 beneficium
861 1703 1108 1770 ingressum
1127 1702 1304 1763 habens
1341 1698 1419 1745 sub
1453 1695 1580 1744 fimili
1612 1703 1803 1741 tuorum
1837 1693 2126 1745 talentorum
2148 1690 2383 1738 solutione

207 1790 294 1839 suae
328 1786 437 1832 vitae
471 1778 764 1843 temporibus
798 1773 1058 1821 inhabitare
1095 1769 1285 1833 poterit.
1422 1765 1475 1810 In
1511 1776 1712 1827 quorum
1748 1759 1962 1806 omnium
1997 1757 2142 1804 fidem
2175 1755 2225 1804 ὃ(
2260 1753 2383 1802 testi-

203 1854 420 1904 monium
455 1842 787 1912 praemissorum
822 1838 1067 1905 praesentes
1103 1836 1256 1881 literas
1289 1831 1462 1878 exinde
1497 1829 1624 1884 fieri,
1659 1827 1709 1875 &
1739 1841 1824 1890 per
1857 1825 2112 1873 Notarium
2143 1820 2382 1886 publicum

209 1922 511 1980 Scribamque
561 1909 768 1960 nostrum
819 1905 936 1954 inira
982 1903 1206 1966 scriptum
1254 1896 1467 1945 subscribi
1517 1895 1567 1943 ὅ(
1618 1891 1844 1956 publicari
1889 1886 2251 1946 mandavimus,
2296 1900 2383 1941 no-

208 1987 402 2049 straeque

1046 2098 1129 2151 Hic
1159 2101 1305 2163 desunt
1335 2096 1545 2148 nonnulla.
