2535 3448
171 224 191 260 1
209 205 335 273 Cap.
492 162 500 172 ι
753 196 901 256 vom
919 192 1289 262 trumbertum
1309 195 1509 256 Seculo,
1548 187 1694 261 12872'
2000 264 2003 268 f
2232 198 2301 260 69

97 331 244 382 carias
267 326 511 383 assumere,
539 326 654 389 (40)
678 341 847 375 eorum
869 325 955 374 sint
975 324 1216 375 beneficiis
1238 326 1337 392 ipso
1361 325 1488 375 facto
1512 325 1710 393 spoliati,
1730 327 1843 393 (41)
1867 342 1968 394 quae
1989 325 2069 384 illi,
2094 326 2155 374 ad
2177 339 2297 391 quos

95 396 306 466 Collatio
320 395 548 462 pertinet,
571 394 791 442 conferre
808 393 903 442 aliis
917 394 1126 459 personis
1139 394 1323 442 idoneis
1339 402 1605 444 teneantur.

268 470 550 527 Damnanda
568 478 682 539 (42)
702 477 969 526 ambitionis
990 478 1268 542 improbitas
1299 475 1357 523 sic
1383 476 1647 541 aliquorum
1679 477 1855 525 animas
1881 477 1998 539 (43)
2021 475 2297 541 occupavit,

96 545 230 614 quod
250 547 299 595 in
318 543 442 594 illam
466 558 551 593 eos
575 546 895 593 temeritatem
917 545 1153 610 impellat,
1190 544 1302 604 (44)
1326 549 1382 589 ut
1399 546 1556 608 quod,
1581 545 1866 609 prohibente
1882 541 2009 607 jure,
2033 546 2296 608 nequeunt,

94 613 377 680 praesumant
398 627 485 678 per
508 612 814 661 intrusionem
834 615 1038 678 arripere
1062 627 1116 658 ac
1131 610 1378 675 praesurnta
1389 610 1617 658 violentia
1631 613 1745 673 (45)
1767 613 1986 660 retinere.
2009 673 2019 682 ἢ
2056 609 2298 659 Volentes

95 670 257 747 itaque
275 668 398 742 (46'3
413 687 697 744 competens
715 681 827 729 huic
850 680 1023 727 morbo
1043 677 1310 726 remedium
1333 676 1558 724 adhibere
1573 711 1587 734 ,
1619 679 1716 726 hoc
1751 678 1877 727 dicto
1911 685 2148 744 perpetuo
2181 678 2296 739 (47)
2324 699 2338 711 ·

94 748 429 814 prohibemuS,
463 748 593 812 quod
614 747 767 796 nullus
789 746 1003 796 Clericus
1031 743 1364 800 Ecclesrarum,
1401 745 1516 806 (48)
1545 744 1622 792 seu
1639 747 1938 810 praebendam
1956 745 2186 811 aliquam,
2218 742 2298 793 vel
2362 777 2369 792 f

96 812 386 867 beneficium
409 813 776 863 Ecclesiasticum
801 829 856 861 ac
883 815 994 873 (49)
1019 818 1285 876 proventus
1324 810 1559 876 ipsorum,
1597 828 1697 876 quae
1731 814 1789 860 ad
1822 829 1932 860 eum
1964 815 2024 861 de
2058 810 2160 889 jure
2194 827 2297 859 non

92 882 354 949 pertinent,
381 881 429 929 in
448 881 635 929 alterius
652 877 974 943 praejudicium
997 880 1210 943 recipere
1233 893 1289 925 ac
1312 878 1518 926 retinere
1534 879 1791 943 praesumat,
1814 880 1863 929 ὅ(
1884 882 1999 942 (ςο)
2024 894 2104 944 qui
2125 887 2296 927 contra

19 952 21 954 ’
93 951 289 1007 fecerit,
317 948 419 1012 ipso
448 945 576 994 fatto
605 946 1125 994 excommunicationis
1143 945 1425 994 sententiam
1447 946 1678 1002 incurrat,
1715 961 1803 993 nec
1828 945 1967 1010 poffit
1986 947 2065 996 fibi
2085 947 2143 994 de
2164 945 2295 994 abso·
2345 983 2351 993 Ι

93 1015 286 1065 lutionis
318 1011 551 1061 beneficio
584 1011 847 1069 subveniri,
864 1029 867 1031 “
884 1012 965 1060 nisi
992 1011 1108 1070 illis',
1143 1015 1260 1076 (51)
1283 1013 1449 1078 quibus
1472 1012 1606 1078 super
1631 1012 1833 1060 Ecclesia
1849 1013 1926 1062 vel
1948 1012 2210 1070 benefici-o,
2245 1012 2297 1061 ὅ(

91 1081 314 1131 fiuffibus
336 1094 506 1127 eorum
529 1076 764 1143 ejusmodi
795 1081 908 1141 (52)
932 1077 1163 1143 injuriam
1191 1081 1387 1138 fecerit,
1424 1081 1674 1129 satisfaciat
1695 1087 2053 1144 competenter,
2094 1082 2209 1144 (53)
2245 1081 2320 1131 δι’
2370 1085 2376 1090 ’

91 1146 425 1203 nihilominus,
457 1146 488 1193 si
523 1162 610 1210 per
639 1148 854 1195 mensem
884 1149 933 1196 in
964 1151 1312 1213 occupatione,
1348 1148 1605 1196 intrufione
1639 1148 1717 1196 seu
1747 1147 1978 1196 violentia
2003 1145 2292 1210 hujusmodi,

91 1215 253 1262 animo
275 1213 530 1280 perstiterit
561 1215 674 1276 (54)
708 1215 958 1273 indurato,
991 1215 1256 1274 beneficiis,
1294 1215 1325 1263 si
1358 1231 1460 1281 quae
1482 1216 1629 1264 habet
1657 1216 1706 1262 in
1730 1214 1826 1263 aliis
1848 1214 2084 1277 Ecclefiis,
2122 1215 2173 1262 fit
2194 1215 2293 1279 ipso

56 1279 220 1331 Tacito
242 1281 479 1346 privatus,
512 1280 563 1330 &
583 1281 635 1329 fit
658 1282 874 1331 inhabilis
903 1298 964 1331 ex
986 1291 1102 1332 tunc
1125 1285 1185 1331 ad
1207 1284 1517 1332 obtinendam
1539 1284 1820 1349 dignitatem
1840 1282 1917 1331 vel
1950 1281 2152 1347 aliquam
2184 1283 2231 1342 (ς
2245 1284 2295 1344 5)

84 1347 360 1407 Ecclesiam,
375 1348 426 1399 &
439 1348 469 1395 si
483 1348 650 1398 Laicus
663 1350 823 1408 fuerit,
838 1349 1121 1399 sententiam
1135 1351 1655 1413 Exeommunicationis
1678 1352 1899 1399 incurrat.
1932 1352 2047 1411 (ςὸ)

225 1466 235 1478 Γ
258 1415 402 1464 Licet
424 1415 734 1478 alienationes
757 1433 917 1466 rerum
930 1418 1368 1477 Ecclesiastiearum,
1393 1419 1599 1467 maxime
1624 1415 2225 1484 poffess‘ionum,·librorurn
2246 1415 2297 1465 &

89 1481 336 1541 vasorum,
362 1498 469 1548 vquae
504 1484 672 1533 divinis
698 1485 901 1534 cultibus
928 1486 1033 1535 sunt
1061 1488 1316 1552 deputata,
1358 1487 1470 1534 sacri
1494 1487 1785 1552 prohibeant
1806 1485 2059 1541 Canones,
2097 1484 2206 1548 quia
2231 1491 2298 1560 ta-

90 1564 222 1608 men,
246 1557 303 1598 ut
328 1549 495 1599 nostris
516 1552 758 1615 personuit
778 1554 894 1615 (57)
924 1555 1135 1612 auribus,
1166 1553 1383 1602 nonnulli
1407 1554 1602 1611 Praelati,
1629 1553 1726 1601 tam
1750 1553 2002 1608 seculares,
2033 1551 2173 1618 quam
2193 1549 2296 1598 reh-

90 1616 204 1682 giosi
225 1617 342 1680 (58)
368 1617 488 1667 soliti
511 1618 729 1685 Collegia
749 1622 865 1683 (59)
885 1622 1175 1686 gubernare,
1202 1638 1257 1670 ac
1281 1621 1356 1668 alii
1369 1621 1674 1669 Ecclefiarum
1686 1619 1945 1676 Re&ores,
1973 1635 2106 1667 novo
2129 1617 2298 1667 aliena-

91 1684 233 1734 tionis
255 1700 357 1751 quae
381 1685 467 1734 sito
491 1684 658 1735 colore
690 1689 820 1737 bona
839 1688 1187 1746 Ecclesiarums
1213 1687 1794 1781 quarumOGubernato-res
1825 1685 2026 1734 existunt
2059 1684 2297 1801 fingentps

1390 1770 1441 1819 d
1480 1769 1499 1816 3
2268 1767 2297 1801 θ

158 1869 268 1926 (40)
284 1870 467 1923 acquirere
488 1883 615 1910 eorum
632 1870 730 1911 loeo.
816 1872 913 1926 (41)
931 1873 1067 1924 privati.
1137 1873 1238 1926 (42)
1259 1873 1499 1917 Damnandae.
1565 1874 1662 1928 (43)
1679 1875 1821 1916 animos
1837 1873 2036 1927 occupavit.
2099 1873 2208 1926 (44)
2225 1873 2298 1912 im-

247 1925 360 1979 pfffit·
452 1925 554 1978 (45)
578 1925 771 1968 '50120‘2‘0
867 1929 961 1978 (46)
987 1929 1108 1980 igitur.
1201 1931 1294 1981 (47)
1320 1927 1588 1970 consultissime.
1677 1931 1778 1984 (48)
1804 1928 1997 1969 ecclesiam.
2089 1930 2195 1981 (49)
2221 1940 2298 1972 aut.

247 1981 343 2032 (50)
363 1977 459 2018 deest
476 1984 532 2022 ἃ,
563 1983 599 2018 3<
619 1980 745 2032 incipit
764 1993 859 2021 nova
876 1985 907 2032 ᾗ.
1003 1984 1086 2035 (51)
1102 1983 1165 2027 illi,
1183 1997 1252 2027 cui,
1342 1986 1432 2038 (52)
1459 1983 1681 2032 hujusmodi.
1757 1987 1841 2041 (53)
1865 1988 1970 2026 Nova
1992 1986 2026 2034 §.
2109 1984 2208 2037 (54)
2225 1983 2298 2022 ste·

175 2044 190 2053 ‘·
247 2035 348 2076 terit.
434 2033 521 2088 (55)
547 2033 644 2073 deest
660 2035 830 2088 aliquam.

152 2101 245 2157 (56)
279 2101 332 2141 Ad
353 2101 515 2141 nostrum
536 2104 701 2156 pervenit
717 2104 882 2144 auditum
896 2130 906 2147 ‚
933 2105 1035 2158 quod
1057 2107 1224 2146 nonnulli
1246 2106 1468 2160 presbyteri,
1491 2108 1603 2161 ignari
1621 2110 1745 2162 quanti
1765 2110 1911 2150 terroris
1933 2108 2071 2151 exsistat
2088 2107 2209 2150 illiciti:
2226 2119 2300 2149 tra·

94 2134 130 2182 '-
245 2158 339 2196 aare
360 2157 484 2197 divina
504 2173 516 2200 ς
548 2171 631 2211 quae
646 2157 731 2198 sicut
747 2160 904 2213 gloriam
923 2160 1033 2214 digne
1051 2160 1163 2200 suinta
1175 2188 1188 2209 ,
1213 2161 1260 2202 sic
1281 2168 1315 2202 δι
1335 2162 1485 2217 indigne
1507 2163 1693 2215 praesumta
1713 2179 1858 2218 poenam
1873 2169 2095 2220 'promittunt
2109 2177 2300 2206 aetcrnam3

246 2212 287 2251 in
317 2213 445 2250 eadem
476 2212 640 2257 ecclesia,
671 2214 771 2254 nulla
799 2215 1001 2256 necessitate
1030 2230 1202 2270 urgente,
1231 2218 1288 2257 sed
1319 2218 1362 2257 ad
1392 2218 1510 2257 solum
1536 2220 1712 2272 quaestum
1731 2218 1872 2259 Missam
1893 2221 2071 2262 celebrant
2098 2222 2206 2260 bisin
2223 2220 2300 2262 die.

250 2266 364 2320 Quod
387 2266 600 2308 detestantes
618 2271 799 2315 omnino,
826 2270 889 2310 sub
907 2272 1129 2311 attestatione
1149 2272 1326 2312 tremendi
1346 2274 1490 2322 judicii,
1515 2278 1550 2313 in
1569 2289 1645 2327 quo
1662 2274 1706 2313 ab
1722 2276 1786 2320 eis,
1806 2274 1830 2314 si
1851 2290 1973 2316 contra
1992 2277 2155 2319 fecerint,
2176 2277 2300 2328 requi-

250 2335 373 2365 ratur,
402 2320 467 2360 hac
485 2323 626 2362 edictali
647 2325 907 2366 constitutione
927 2325 1076 2381 singulis
1098 2328 1314 2385 presbyteris
1335 2329 1540 2367 inhibemus
1559 2341 1568 2374 ;
1604 2342 1642 2368 ut
1663 2329 1734 2368 nisi
1761 2345 1870 2370 unam
1891 2329 2054 2378 Miffim,
2079 2345 2142 2372 aur
2157 2332 2244 2370 duas
2260 2331 2299 2369 in

247 2375 382 2415 casibus
408 2376 428 2416 a
459 2380 535 2424 iure
563 2378 757 2426 eoncesiis,
785 2383 822 2420 in
842 2380 901 2420 die
924 2395 1065 2421 cantare
1090 2395 1150 2422 aut
1177 2386 1292 2438 legere
1311 2398 1392 2421 cum
1412 2383 1566 2422 sacrificii
1589 2384 1827 2425 celebratione
1848 2387 2082 2439 praesumant,
2105 2392 2141 2427 δι
2159 2387 2183 2426 si
2200 2385 2302 2437 secus

246 2430 410 2477 fecerint,
421 2432 603 2472 Ordinarii
615 2434 762 2475 arbitrio
772 2439 897 2475 acriter
917 2440 1124 2489 puniantur,
1152 2460 1169 2468 -
1196 2461 1212 2469 ..
1240 2439 1501 2477 Sanctiffimum
1524 2451 1656 2492 corpus
1669 2442 2056 2497 Christi‚cujus·dignae
2070 2441 2299 2485 venerationi

247 2485 420 2538 fragilitas
441 2487 599 2527 humana
618 2502 695 2529 non
714 2490 853 2534 sufficit,
874 2506 956 2531 cum
983 2492 1026 2531 ad
1055 2492 1220 2532 infirmos
1235 2521 1243 2537 ,
1273 2495 1327 2533 vel
1350 2494 1392 2531 ad
1413 2494 1581 2533 mulieres
1601 2497 1733 2534 vicinas
1752 2499 1889 2549 partui,
1917 2511 2012 2538 extra
2033 2511 2163 2551 corpus
2179 2497 2299 2536 eccle-

247 2537 305 2578 siae
327 2539 559 2592 deportatur,
583 2549 819 2586 veneratione
843 2546 947 2586 solita
972 2548 1186 2586 mandamus
1214 2550 1398 2587 venerari:
1426 2549 1616 2592 videlicet,
1644 2563 1684 2589 ut
1709 2551 1858 2593 clericus
1880 2551 2027 2593 indutus
2052 2550 2299 2606 superpellicio

247 2607 332 2634 cum
353 2593 441 2634 stola
457 2597 546 2634 eirca
565 2598 703 2638 collum
721 2614 863 2653 portet,
894 2601 958 2641 nisi
977 2603 1047 2641 loci
1069 2602 1242 2647 distantia,
1269 2607 1304 2641 &
1324 2606 1498 2656 temporis
1518 2607 1667 2658 qualitas
1685 2605 1785 2646 secus
1803 2608 1994 2662 exposcam
2026 2608 2188 2648 Clericus
2207 2619 2298 2649 vero

249 2649 455 2702 praecedens
474 2665 559 2690 cum
585 2656 799 2705 campanella
821 2661 857 2694 ἃ
874 2657 1024 2707 lumine,
1043 2658 1249 2696 tin'tinando
1266 2672 1275 2699 ε
1303 2663 1337 2697 ἃ
1354 2659 1541 2699 obviantes
1555 2688 1566 2704 ‚
1588 2661 1707 2701 donec
1726 2662 1890 2704 sacerdos
1909 2663 2103 2707 transeant.
2131 2661 2299 2717 genufle-

247 2706 364 2747 &ann
394 2709 430 2744 ὃ(
454 2705 573 2745 dicant
596 2706 732 2747 devote
750 2711 862 2752 (ει-36
884 2714 1005 2751 minus
1022 2712 1229 2752 orationem
1243 2713 1475 2753 Dominicam
1496 2729 1578 2754 cum
1596 2714 1807 2758 salutatione
1827 2721 1937 2759 licatae
1956 2721 2104 2773 virginis
2115 2716 2298 2772 gloriosae.

246 2762 330 2799 Nos
351 2761 449 2800 enirn
469 2773 543 2800 tam
563 2760 736 2802 sacerdoti
758 2778 867 2818 quam
889 2767 1019 2806 clerico
1043 2767 1334 2819 deportantibus,
1362 2774 1396 2808 ὃ(
1414 2768 1563 2824 singulis
1574 2771 1656 2812 vere
1674 2773 2297 2828 poenitentibus&confeffis,genu·
2332 2820 2334 2823 v

247 2813 497 2859 &aemilium
526 2816 749 2863 dummodo,
766 2832 807 2859 ut
823 2819 960 2859 dilium
977 2822 1038 2862 est·
1058 2822 1317 2875 genuflectant,
1336 2828 1596 2866 &Orationem
1607 2831 1844 2869 Dominicam
1861 2844 1944 2870 cum
1962 2829 2173 2873 salutatione
2188 2831 2299 2868 beata

250 2870 412 2925 Virginis
428 2870 573 2914 dicant,
597 2874 722 2913 decem
745 2873 820 2914 dies
841 2889 911 2929 pro
929 2878 1009 2917 vitae
1027 2876 1196 2930 qualitate
1221 2879 1266 2918 de
1283 2881 1438 2924 iniuncta
1460 2880 1523 2920 sibi
1541 2885 1753 2935 poenitentia
1771 2885 1985 2928 autoritate,
2007 2899 2077 2939 qua
2097 2884 2297 2939 fungimur,

195 2986 198 2987 V
251 2925 467 2993 relafamus.
552 2928 740 2985 Presbyter
759 2944 869 2975 vero,
898 2934 962 2986 qui
980 2933 1104 2977 aliter,
1125 2944 1205 2974 tum
1221 2936 1363 2976 occulte
1379 2933 1493 2991 ipsum
1511 2949 1656 2992 portare
1670 2939 1903 2994 praesumserit
1914 2969 1929 2988 ,
1954 2941 2135 2982 Ordinarii
2151 2941 2300 2981 arbitrio

249 2993 429 3034 puniatur.
1628 2993 1633 3003 ‘

159 3037 524 3161 (57)Hti;isonui(t}9)‘
541 3051 640 3149 giga
662 3052 754 3095 sieut
772 3054 918 3097 abbates
945 3059 981 3098 δι
998 3055 1198 3099 abbatissar,
1219 3061 1255 3098 δι
1271 3060 1406 3113 priores
1426 3061 1754 3110 monasteriorum,
1782 3030 1865 3120 quae
1889 3064 1970 3107 sunt
1994 3079 2060 3122 per
2082 3064 2220 3121 priores
2239 3060 2292 3103 so·
2376 3100 2379 3101 a
