2535 3448
191 174 344 238 1Cap.
366 171 430 231 ste
447 166 658 235 ἓὶόεἰῐαςῑο
999 166 1110 224 ”nb
1130 167 1325 227 Ωῆδίΐῆ
1344 164 1579 249 briefen·
1605 177 1613 186 '
2224 182 2324 238 229

121 301 330 350 obtentae
345 332 360 357 ,
389 304 444 346 ut
465 296 669 353 dicebat,
690 294 864 343 debere
887 290 1068 358 dejure
1083 294 1193 343 Dno
1206 293 1490 355 Hermanno
1503 295 1562 343 de
1574 293 1914 360 Hilligenstede
1935 294 2140 343 fimiiiter
2161 291 2328 342 nostro

122 366 492 422 Concanonic0,
517 366 566 413 in
584 363 756 411 minori
778 363 1029 428 praebenda
1051 362 1326 419 constitum,
1348 378 1492 426 quam
1511 363 1640 411 idern
1653 361 1837 412 Comes
1856 363 1980 413 &sui
1991 361 2327 411 Anteceffores

122 435 342 483 conferre
365 432 735 487 consueverant,
771 446 881 478 curn
904 429 977 478 illa
998 430 1327 495 praerogativa,
1351 437 1405 478 ut
1425 427 1635 488 asseruit,
1667 431 1813 494 quod,
1835 432 2105 495 quicunque
2123 429 2327 476 eandem

120 503 359 553 minorem
384 500 688 566 praebendam
729 499 786 545 ab
816 499 882 546 eis
913 497 1216 561 praesentatus
1249 496 1477 552 haberet,
1511 499 1571 545 ad
1591 494 1823 561 majorem
1847 498 2149 563 praebendam
2170 496 2328 545 ascen-

119 570 281 628 deret,
320 568 578 618 se'cundum
600 567 816 614 ordinem
841 564 928 614 suae
950 564 1266 629 receptionis,
1300 560 1415 609 ficut
1437 560 1513 610 alii
1534 565 1592 612 de
1613 563 1782 613 nostris
1793 564 2149 613 Concanonicis
2174 564 2221 621 in
2242 565 2329 612 mi·

120 638 227 685 nori
247 633 480 702 stipendio
503 633 762 683 constituti.
877 633 936 682 Et
959 632 1070 696 quia
1090 629 1206 678 olim
1238 628 1384 676 etiam
1405 627 1561 676 nostra
1582 631 1783 680 Ecclesia
1804 647 1891 697 per
1920 631 2170 680 Comitem
2193 630 2328 697 supra

119 700 299 751 dietum
319 711 518 768 propter
541 701 849 750 collationem
869 695 1104 764 praedistae
1132 697 1327 744 minoris
1348 695 1610 759 praebendae
1632 698 1681 747 ὅ(
1706 699 2022 748 ascensionem
2055 699 2114 746 de
2142 698 2236 763 ipsa
2267 698 2328 745 ad

118 769 354 834 majorem
374 768 550 817 multos
573 767 891 823 adversitates,
917 764 1213 812 turbationes
1227 762 1460 811 &damna
1482 761 1607 826 passa
1629 763 1828 823 exstitit,
1866 766 1916 815 ὅ(
1936 764 2166 831 passuram
2184 767 2232 814 in
2255 765 2328 814 fu·

120 845 280 886 turum
302 835 611 886 verisimiliter
634 835 913 884 timebamus
926 862 941 887 ,
977 829 1155 893 placuit
1189 829 1408 876 omnibus
1444 830 1581 876 nobis
1615 831 1674 878 de
1708 831 1790 880 tali
1820 832 2077 881 collatione
2101 833 2153 882 ὅς
2173 833 2329 881 ascen-

58 913 61 915 ’
119 903 247 953 fione
272 903 478 952 nostram
491 901 742 950 Ecclesiam
765 898 1041 961 disbrigare,
1060 896 1187 943 unde
1211 896 1260 943 in
1277 896 1376 944 hoc
1398 896 1594 943 tandem
1616 899 1924 948 convenimus
1938 900 1986 950 ὃς
2000 899 2327 957 consensimuS,

120 972 250 1037 quod
271 969 484 1036 potestas
510 965 791 1014 conferendi
812 961 988 1012 dielam
1009 963 1312 1028 praebendam
1347 960 1584 1027 majorem
1620 979 1707 1029 per
1732 975 1940 1015 mortem
1971 966 2081 1016 diesi
2098 967 2327 1031 Johannis

116 1045 373 1088 vacantem
394 1036 753 1097 incorporatam
781 1031 860 1080 sub
888 1045 1091 1079 numero
1113 1030 1372 1080 duodecim
1389 1029 1774 1096 praebendarum,
1808 1034 1995 1082 daretur
2018 1034 2099 1098 ipsi
2120 1034 2327 1084 Comiti:

115 1105 203 1162 Ita,
220 1103 349 1168 quod
361 1100 454 1166 ipse
469 1100 519 1150 ὅ(
531 1100 595 1148 sui
607 1099 809 1165 legitimi
823 1097 1109 1148 successores
1125 1114 1232 1147 eam
1244 1098 1487 1164 perpetuis
1509 1100 1805 1165 temporibus
1827 1101 2093 1158 conferant,
2115 1103 2328 1166 quando-

113 1184 302 1234 cunque
321 1167 594 1224 vacaverit,
629 1167 705 1215 cui
728 1165 880 1215 velint
890 1194 914 1224 ,-
943 1167 1057 1214 dum
1081 1174 1244 1215 tamen
1273 1166 1474 1232 persona
1497 1166 1550 1214 fit
1568 1168 1772 1226 idonea,
1807 1167 1997 1217 &inter
2021 1170 2222 1233 primum
2248 1185 2328 1218 an-

113 1253 231 1287 num
252 1231 523 1292 collationis?
546 1234 625 1282 fibi
647 1233 782 1284 fa&ae
804 1235 854 1282 in
873 1235 1203 1300 presbyterum
1230 1235 1503 1292 ordinetur,
1536 1234 1587 1284 ὃ(
1610 1233 1790 1292 statim,
1816 1251 1927 1283 cum
1946 1237 1994 1284 in
2017 1238 2328 1302 perceptione

111 1304 271 1365 fuerit,
293 1302 593 1351 residentiam
613 1303 868 1351 nobiscum
891 1302 1037 1350 faciat
1060 1302 1387 1368 personalem,
1421 1302 1470 1352 &
1496 1301 1754 1351 collatione
1785 1300 1926 1367 hujus
1947 1304 2206 1367 praebendae
2227 1311 2330 1353 tan-

114 1380 218 1423 tum
241 1372 369 1419 idem
383 1369 700 1420 Comes&sui
723 1368 1006 1421 successores
1026 1370 1085 1417 de
1104 1378 1279 1418 caetero
1302 1370 1389 1419 fint
1409 1370 1642 1419 contenti.
1743 1371 1974 1420 Praeterea
1997 1370 2328 1429 consensimuS,

114 1439 246 1503 quod
265 1437 348 1487 ista
369 1438 510 1486 unica
528 1439 638 1487 vice
658 1445 848 1487 tantum
872 1436 992 1503 saepe
1016 1435 1170 1486 didius
1194 1437 1379 1486 Comes
1400 1439 1620 1486 conferat
1639 1440 1842 1487 eandem
1862 1439 2098 1486 minorem
2120 1438 2330 1502 praeben·

115 1508 243 1563 dam,
269 1520 411 1571 quam
433 1503 584 1554 ἀίἂυε
606 1505 702 1554 Dn.
725 1505 1031 1554 Hermannus
1053 1506 1217 1563 habet,
1245 1504 1295 1555 ὅ(
1313 1521 1402 1553 nos
1425 1520 1552 1562 eum,
1578 1505 1653 1553 cui
1672 1505 1844 1553 collata
1867 1505 2026 1563 fuerit,
2045 1504 2329 1570 recipiemus

115 1571 484 1622 inCanonicum
496 1572 604 1622 &in
613 1572 826 1630 fratrem,
848 1571 941 1621 fine
962 1569 1235 1638 praejudicio
1262 1573 1388 1638 prius
1414 1571 1691 1631 eleE'corum,
1715 1573 1871 1621 taliter
1883 1572 2071 1631 scilicet,
2086 1573 2216 1637 quod
2228 1587 2331 1620 non
2362 1619 2363 1622 ,

113 1638 366 1689 adsc'endat
379 1640 438 1688 ad
451 1636 685 1704 majorem
695 1641 1018 1706 praebendam,
1031 1638 1113 1686 nifi
1136 1640 1279 1687 iidem
1296 1638 1533 1704 praeeleffi
1555 1640 1683 1706 prius
1700 1640 2025 1688 adscenderint
2043 1638 2154 1688 ante
2166 1639 2329 1705 ipsam.

115 1705 246 1755 Cum
257 1721 387 1755 -vero
412 1706 531 1769 saepe
544 1704 718 1754 dietam
736 1708 974 1754 minorem
988 1721 1075 1770 per
1088 1705 1423 1762 ascensionem,
1437 1714 1490 1753 ut
1503 1707 1820 1771 praemittitur,
1833 1706 1912 1754 vel
1930 1721 2016 1771 per
2027 1715 2237 1755 mortem
2249 1722 2330 1756 va·

114 1787 222 1820 care
235 1774 510 1837 contigerit,
526 1787 585 1819 ex
600 1780 713 1819 tunc
728 1780 994 1837 proventus
1007 1771 1143 1829 illius,
1153 1773 1325 1819 decem
1340 1772 1513 1821 scilicet
1525 1772 1649 1821 librae
1664 1775 1968 1822 denariorum
1988 1775 2232 1823 annuatim
2251 1788 2330 1822 ce-

114 1841 229 1887 deat
240 1835 496 1902 majoribus
512 1839 767 1887 duodecim
782 1840 1106 1904 praebendisin
1119 1838 1423 1888 sublevamen
1444 1838 1675 1904 praediffle
1699 1842 1990 1905 praebendae,
2026 1848 2081 1888 ut
2102 1840 2236 1906 supra
2260 1842 2330 1889 di-

115 1907 237 1954 eitur
256 1906 590 1969 incorporatae.
692 1905 935 1954 Caeterum
960 1907 1019 1953 ad
1042 1907 1140 1953 hoc
1160 1907 1374 1954 omnium
1400 1906 1590 1956 acceffit
1612 1907 1835 1966 affensuS,
1864 1916 1916 1955 ut
1943 1907 2092 1956 nullus
2115 1907 2328 1957 nostrum

113 1980 284 2020 contra
306 1973 536 2020 unionem
559 1971 609 2021 &
631 1970 974 2020 restriffionem
998 1973 1359 2037 praebendarum
1373 2006 1388 2031 ,
1417 1989 1559 2038 quam
1577 1975 1626 2022 in
1635 1974 1836 2022 Ecclesia
1856 1973 2012 2023 nostra
2033 1975 2190 2023 facere
2213 1991 2329 2024 con·

115 2039 346 2104 cepimus,
367 2037 418 2088 <Sc
433 2038 726 2087 Venerabilis
747 2037 889 2087 Pater
911 2038 960 2088 &
978 2039 1211 2087 Dominus
1237 2039 1412 2098 noster,
1437 2038 1531 2089 Dn.
1547 2040 1858 2100 GiselbertUS,
1881 2040 2047 2091 sancitae
2068 2042 2329 2091 Bremensis

111 2105 325 2155 Ecclefiae
345 2105 748 2170 Archiepiscopus
774 2103 1078 2155 confirmavit
1097 2106 1182 2154 suis
1202 2107 1373 2165 literis,
1404 2106 1562 2172 aliquo
1583 2115 1804 2174 tempore
1824 2112 2015 2167 veniat,
2048 2110 2128 2160 sed
2159 2125 2328 2159 omnes

113 2171 340 2236 &singuli
360 2173 476 2238 ipsas
497 2187 584 2238 per
604 2171 749 2221 fidem
769 2171 976 2222 nostram
996 2174 1110 2222 totis
1134 2174 1308 2223 viribus
1331 2174 1589 2224 defendere
1609 2177 1837 2226 debemus
1849 2177 2086 2227 &servare
2105 2195 2122 2240 3
2153 2178 2247 2226 Sed
2264 2191 2328 2225 ne

115 2253 203 2304 per
213 2238 309 2286 hoc
323 2237 483 2302 aliquis
496 2241 656 2288 dicere
667 2236 827 2306 poffit,
838 2239 919 2289 fibi
931 2239 1258 2307 praejudicium
1270 2243 1502 2308 generari,
1517 2242 1673 2292 taliter
1693 2244 1817 2292 inter
1833 2259 1923 2292 nos
1946 2243 2120 2293 exstitit
2141 2245 2328 2294 ordina-

118 2315 239 2363 tum,
251 2312 307 2352 ut
319 2305 516 2370 quilibet
530 2306 894 2356 Canonicornm
906 2308 1178 2357 nostrorum
1198 2311 1246 2357 in
1258 2311 1519 2358 minoribus
1534 2311 1796 2375 praebendis
1820 2309 2122 2360 existentium
2142 2312 2192 2360 in
2212 2327 2326 2379 prae-

119 2373 254 2430 senti,
277 2373 356 2437 qui
375 2373 628 2442 nobiscum
650 2375 957 2440 personaliter
973 2375 1171 2424 relidere
1193 2376 1426 2434 voluerit,
1461 2379 1521 2425 de
1541 2375 1756 2426 restriffis
1778 2380 2039 2444 praebendis
2059 2381 2325 2430 dividendis

115 2446 302 2487 tantum
327 2439 587 2504 percipiat,
623 2450 856 2507 quantum
877 2458 1001 2491 unus
1024 2442 1236 2491 nostrum
1258 2446 1528 2508 perceperit
1553 2445 1602 2492 in
1618 2442 1786 2507 majori
1804 2444 2037 2511 stipendio
2055 2447 2322 2510 institutus;

116 2505 190 2553 his
202 2504 333 2554 fatris
348 2521 539 2570 quoque
554 2507 873 2557 restrinximus
885 2510 936 2560 ὅ(
946 2526 1034 2575 pro
1047 2507 1253 2558 restrffi’ta
1265 2510 1443 2558 habere
1455 2512 1753 2561 decernimus
1767 2514 2085 2579 praebendam,
2100 2530 2186 2580 per
2196 2531 2324 2563 mor-

117 2579 219 2620 tem
231 2573 422 2621 Domini
434 2573 669 2622 Eckhardi
679 2576 947 2634 Schacken,
968 2576 1113 2625 nostri
1138 2578 1381 2641 quondam
1394 2577 1856 2646 Concanonici,‘piae
1876 2583 2220 2630 recordationis
2244 2598 2324 2632 va—

87 2686 89 2689 .
117 2647 308 2687 cantem
321 2673 339 2696 ,
371 2639 576 2688 similiter
596 2644 898 2707 praebendam
919 2644 1112 2692 Domini
1134 2643 1288 2692 Sifridi
1312 2644 1486 2693 Herslo
1523 2649 1610 2712 piae
1633 2651 1876 2696 memoriae
1895 2657 2150 2698 vacantem
2171 2650 2323 2698 modo

115 2705 435 2754 restrinximus
458 2707 592 2773 supra
612 2707 756 2757 ditio.
859 2712 919 2759 Et
939 2726 1026 2758 nos
1051 2708 1340 2760 Giselbertus
1358 2712 1450 2761 Dei
1470 2714 1623 2780 gratia
1644 2713 1809 2765 sannae
1830 2716 2087 2766 Bremensis
2108 2717 2322 2766 Ecclefiae

115 2773 518 2840 Archiepiscopus
541 2774 800 2840 supradiffli
823 2779 984 2828 omnia
996 2778 1044 2827 ὅ(
1056 2777 1246 2843 fingula,
1270 2780 1378 2844 quia
1397 2781 1739 2832 rationabiliter
1760 2785 1995 2841 ordinata,
2013 2801 2100 2849 pro
2118 2785 2321 2834 utili-tate

116 2839 329 2889 Ecclefiae
352 2841 518 2890 nostrae
539 2842 905 2907 Hamburgenfis
926 2842 1182 2909 praedidiae,
1213 2861 1355 2912 quam
1375 2856 1578 2912 paterno
1592 2850 1918 2917 prosequimur
1938 2850 2127 2910 affeetu,
2140 2851 2321 2901 inveni-

118 2922 240 2964 mus,
257 2916 356 2956 rata
369 2908 420 2959 ὅ(
431 2916 563 2974 grata
584 2909 803 2960 habentis
825 2911 875 2959 in
892 2908 984 2975 hijs
1003 2912 1179 2979 scriptis
1199 2915 1250 2962 in
1267 2916 1464 2964 nomine
1477 2917 1672 2966 Domini
1693 2917 2044 2977 confirmamus,
2063 2909 2319 2986 prohiben-

118 2980 191 3023 tes
211 2974 291 3025 sub
309 2976 698 3028 interminatione
718 2978 1031 3030 anathematis
1045 3013 1061 3042 ,
1091 2994 1153 3051 ne
1179 2981 1343 3049 aliquis
1370 2983 1481 3033 ausu
1508 2987 1762 3038 temerario
1793 2994 1962 3038 contra
1982 2986 2216 3055 praedid’oe,
2239 2986 2317 3036 vel

1312 3061 1400 3131 gf
1427 3082 1450 3131 3
2126 3071 2316 3136 aliquod
