2535 3448
147 154 180 231 ἦ
198 177 324 245 Cap}
717 173 865 232 „om
883 172 1253 242 bret'43ebenben
1272 167 1442 224 Seculo
1455 209 1471 233 ,
1510 176 1650 226 1266.
2219 190 2288 242 47

90 307 181 360 filit
211 309 282 372 (*)
302 309 376 357 *ab
399 306 501 373 ipfis
521 303 737 355 reli6‘mm
756 305 806 353 in
827 312 1011 363 morte,
1045 306 1122 355 vel
1157 307 1206 355 in
1229 307 1326 354 vita
1359 307 1619 365 donatum,
1655 307 1779 354 inter
1795 306 2083 372 Episcopum
2105 307 2155 356 ὅ(
2176 306 2287 355 civi-

90 384 241 426 tatem
261 376 357 425 loci
377 371 589 439 ejusdem
609 373 850 438 aequaliter
873 374 1152 422 dividantur.
1190 374 1288 435 (²⁰⁶)
1908 441 1919 450 ⁶
2109 443 2118 453 ¹

259 443 484 492 Praefatos
496 457 613 490 vero
626 439 746 488 filios
758 448 876 488 nota
900 440 1082 506 semper
1101 443 1171 504 (†)
1198 439 1399 487 infamiae
1422 443 1693 505 comitetur.
1761 441 1820 488 Et
1843 456 1951 506 quia
1972 441 2086 490 ficut
2107 440 2287 491 intelle-

90 510 265 568 rimus,
297 509 437 574 aliqui
457 507 641 556 Praelati
663 507 809 564 tales,
839 508 887 556 in
909 506 1184 555 scandalum*
1196 506 1343 553 totius
1367 507 1567 556 ecclefiae
1590 509 1751 573 ipfius,
1789 509 1871 570 (ι)
1907 508 2290 586 iniquitatibus&

90 577 417 633 immunditiis,
433 577 636 624 obtentu
648 576 880 640 pecuniae,
904 574 1171 622 confovent
1184 571 1233 621 &
1245 572 1525 631 defendunt,
1541 578 1620 640 qui
1644 592 1727 623 eos
1740 576 1973 623 deberent
1985 576 2011 623 a
2024 575 2109 625 suis
2123 577 2290 653 imqui-

90 644 266 692 tatibus
287 644 338 694 ὅ(
359 643 668 691 immunditiis
688 657 751 690 ex
769 639 984 705 injuncto
1009 639 1087 687 fibi
1110 637 1271 686 officio
1299 654 1563 702 revocare3
1607 643 1687 703 (ι)
1728 643 2206 692 Excommunicamus
2239 659 2289 693 m

89 710 270 776 scriptis
281 711 332 760 ὃς
343 710 796 765 anathematizamus
812 721 980 756 omnes
993 706 1112 762 illos,
1127 713 1226 754 tam
1237 705 1596 770 clericos,quam
1609 708 1770 768 laicos,
1782 717 1881 758 tam
1891 709 2130 768 Praelatos,
2145 727 2288 776 quam

90 777 317 835 subditos,
341 784 440 825 tam
463 778 686 833 minores,
710 791 852 840 quam
876 771 1082 835 majores
1099 773 1149 822 &
1167 774 1368 831 medios,
1392 775 1470 838 qui
1494 771 1631 837 hujus
1659 777 1740 838 (ς)
1777 778 2158 836 cohabitatores,
2194 777 2288 828 five

91 843 242 902 clam,
273 844 367 892 five
394 843 576 908 palam,
610 843 660 889 in
682 842 769 888 suis
793 838 1119 902 iniquitatibus
1142 840 1480 904 praesumserint
1501 841 1766 901 defensare,
1804 860 1894 893 nec
1917 861 2016 894 non
2045 846 2096 895 ὅ(
2130 847 2209 907 (4)
2238 845 2288 894 il-

88 909 189 968 los,
218 912 297 976 qui
311 909 590 975 praestabunt
603 905 843 955 confilium
857 904 936 953 vel
949 904 1188 964 auxilium,
1214 922 1360 972 opem
1381 907 1458 957 vel
1482 923 1695 974 operam,
1718 926 1813 974 quo
1838 914 1992 961 minus
2013 913 2288 962 observetur

89 976 203 1026 illud
223 977 443 1024 nimirum
473 975 569 1034 (5)
605 972 801 1021 salutare
832 971 1084 1032 statutum,
1119 975 1250 1039 quod
1272 973 1365 1040 legi
1385 976 1681 1041 praecipimus
1711 979 1844 1025 annis
1868 978 2048 1044 singulis
2070 981 2118 1028 in
2139 981 2290 1045 Syno-

90 1044 160 1092 dis
171 1031 517 1108 Episcopalibus
533 1039 979 1106 &-provincialibu8,
993 1055 1054 1088 ne
1066 1040 1226 1106 aliquis
1238 1049 1471 1107 praetextu
1491 1044 1502 1090 i
1506 1044 1768 1108 gnorantiae
1781 1044 1808 1092 s
1798 1059 1824 1091 e
1837 1045 1993 1095 valeat
2005 1049 2238 1097 excusare.

261 1107 328 1157 Illi
348 1123 486 1166 vero,
504 1107 598 1157 five
620 1107 745 1165 laici,
769 1107 862 1156 five
886 1106 1043 1156 clerici
1065 1107 1258 1166 fuerint,
1273 1111 1353 1174 qui
1365 1110 1424 1156 de
1439 1118 1612 1158 caetero
1625 1109 1757 1170 filias,
1771 1111 1954 1162 sorores
1968 1123 2047 1161 aut
2060 1124 2299 1181 cognatas

84 1175 296 1243 personis
317 1176 365 1224 in
389 1176 526 1224 sacris
553 1175 795 1224 ordinibus
817 1173 1082 1223 constitutis
1104 1175 1197 1223 five
1231 1177 1310 1241 (6)
1342 1177 1528 1225 ratione
1564 1180 1909 1229 concubinatus
1934 1182 2152 1230 duxerint
2176 1200 2290 1233 con-

84 1243 374 1301 tendenda3‚
408 1244 490 1305 (7)
523 1242 617 1292 five
645 1243 934 1291 mediatores
971 1241 1259 1300 exstiterint,
1307 1251 1388 1292 aut
1419 1244 1629 1294 fautores
1642 1279 1657 1303 ,
1695 1248 1943 1296 introitum
1963 1248 2171 1298 Ecclessae
2211 1251 2293 1300 fibi

84 1310 314 1366 noverint
350 1301 684 1368 interdicitum,
718 1309 750 1358 s1
782 1324 902 1359 vero
925 1307 1065 1374 aliqui
1092 1310 1249 1358 clerici
1275 1312 1396 1360 tanti
1415 1312 1585 1361 furoris
1608 1316 1782 1380 arrepti
1803 1315 2003 1374 fuerint,
2035 1318 2159 1379 utin
2176 1334 2291 1383 prae-

84 1376 210 1426 latos
232 1377 355 1436 suOS,
378 1385 460 1426 aut
481 1377 612 1435 alios,
636 1378 768 1443 quod
789 1379 848 1424 ad
869 1379 1206 1442 exequendum
1229 1386 1328 1427 tam
1351 1378 1528 1428 salubre
1539 1379 1765 1429 statutum
1777 1384 2035 1449 contigerit
2046 1384 2291 1451 deputare,

84 1443 371 1510 praesumant
391 1444 631 1510 insurgere
656 1453 738 1493 aut
758 1444 802 1492 se
824 1445 873 1493 in
894 1443 971 1492 sua
993 1442 1284 1511 turpitudine
1309 1448 1485 1496 viribus
1508 1449 1849 1515 temporalibus
1872 1451 2142 1510 defensare,
2178 1451 2293 1501 ficut

85 1511 305 1560 nonnulli
316 1509 598 1576 jam·feciffe
620 1512 868 1570 dicuntur,
899 1512 998 1576 ipso
1022 1511 1149 1562 fabio
1172 1512 1334 1563 officio
1348 1514 1644 1564 &beneficio
1669 1517 1980 1567 ecclesiastico
1994 1519 2082 1568 fint
2101 1521 2291 1586 privati,

83 1593 181 1628 nec
200 1578 378 1628 restitui
388 1579 595 1637 valeant,
618 1579 699 1628 nisi
721 1594 832 1627 cum
855 1578 920 1627 eis
944 1595 1031 1646 per
1056 1580 1214 1630 sedem
1223 1582 1550 1647 Apostolicam
1566 1584 1708 1634 fuerit
1728 1586 2052 1651 dispensatum.
2122 1589 2203 1650 (8)
2233 1589 2294 1637 Et

84 1661 201 1694 cum
218 1646 270 1694 in
285 1645 520 1712 plerisque
541 1647 659 1695 locis
681 1647 979 1712 quorundam
996 1648 1215 1713 iniquitas
1240 1657 1428 1696 tantum
1445 1650 1723 1708 invaluerit,
1761 1656 1891 1723 quod
1913 1654 1962 1701 in
1981 1656 2121 1704 rebus
2131 1655 2293 1705 Eccle-

85 1711 160 1761 fiae
177 1712 356 1761 furtum
374 1721 623 1778 reputetur
642 1713 893 1777 sagacitas,
929 1716 1094 1777 rapina
1115 1716 1325 1778 probitas
1350 1716 1400 1764 ὅ(
1420 1715 1649 1764 violentia
1668 1719 1900 1768 fortitudo
1921 1739 1938 1783 3
1979 1722 2204 1786 Synodali
2215 1721 2292 1787 ju-

88 1779 216 1826 dicio
227 1777 498 1836 diffinimus,
509 1786 564 1826 ut
575 1794 678 1843 quae
689 1780 817 1825 bona
827 1777 1136 1827 Ecclefiarum
1157 1781 1356 1830 scienter
1368 1783 1585 1832 detinent
1604 1794 1856 1851 occupata,
1878 1787 1958 1836 nisi
1981 1789 2101 1838 infra
2124 1789 2292 1839 instan-

88 1850 192 1892 tem
208 1845 629 1912 Qadragessmam
644 1847 812 1892 eadem
824 1845 1126 1903 restituerint,
1140 1848 1191 1897 ὅ(
1201 1850 1261 1895 de
1276 1851 1459 1897 damnis
1471 1859 1553 1899 aut
1572 1849 1748 1915 injuriis
1770 1855 2079 1906 satisfecerint
2099 1872 2292 1924 compe-

85 1918 263 1967 tentes,
284 1925 346 1958 ex
368 1918 483 1958 tunc
501 1912 753 1959 introitum
769 1911 982 1959 Ecclefiae
996 1912 1075 1960 fibi
1087 1916 1314 1963 noverint
1324 1916 1646 1976 interdi&um,
1659 1934 1750 1967 nec
1762 1923 1817 1969 ab
1829 1923 2084 1989 Episcopis,
2098 1934 2180 1974 aut
2191 1926 2292 1975 aliis

85 1975 394 2025 Ecclefiarum
417 1977 618 2043 praelatis
642 1979 701 2025 ad
723 1979 1118 2038 communionem
1137 1982 1380 2031 Dominici
1405 1986 1620 2050 corporis
1640 1988 1965 2040 admittantur.
2057 1993 2154 2059 Qi
2174 2009 2293 2043 vero

85 2041 319 2092 obstinata
339 2052 520 2102 mente,
545 2046 659 2093 dum
679 2047 912 2104 vixerint,
943 2046 1206 2097 satisfacere
1229 2066 1330 2098 non
1352 2054 1621 2101 curaverint
1643 2088 1657 2111 ,
1695 2055 1845 2104 nullus
1867 2057 2061 2108 clericus
2080 2061 2294 2111 secularis

84 2109 166 2159 vel
186 2110 410 2176 regularis
430 2111 675 2177 sepulturae
699 2113 906 2178 ipsorum
930 2114 1147 2163 intereffe
1171 2118 1433 2182 praesumat.
1533 2118 1853 2185 AdjicienteS‚
1878 2133 1934 2173 ut
1954 2126 2137 2192 fingulis
2160 2130 2293 2178 annis

3 2216 13 2218 -
85 2178 138 2226 in
147 2171 346 2240 Synodo
369 2178 446 2238 illi,
470 2180 550 2244 qui
572 2179 789 2229 Clericos
810 2184 1071 2247 rapuerint,
1084 2186 1341 2233 verberant
1361 2187 1440 2235 vel
1464 2189 1709 2246 occidunt,
1719 2190 1798 2238 vel
1812 2191 1920 2240 alias
1932 2209 2099 2243 manus
2108 2196 2156 2244 in
2169 2197 2293 2262 ipsos

85 2241 318 2307 injiciunt,
330 2245 580 2305 violantes,
593 2250 999 2299 excommunicati
1012 2251 1375 2311 denuncientur,
1389 2255 1732 2304 &nominatim
1750 2257 1829 2317 illi,
1852 2261 1913 2308 de
1937 2263 2102 2327 quibus
2125 2263 2295 2314 consti-

84 2311 200 2358 terit
220 2312 477 2362 manifeste.
551 2315 844 2381 Qicunque
866 2332 982 2365 vero
1005 2318 1256 2383 personam
1277 2321 1641 2370 Ecclefiasticam
1671 2329 1939 2376 enormiter>
1954 2329 2292 2391 vulneraverit,

84 2377 394 2437 mutilaverit,
405 2380 484 2429 vel
497 2383 743 2441 occiderit,
756 2383 834 2432 vel
849 2387 1166 2449 captitaverit‚
1178 2403 1278 2438 non
1293 2389 1371 2435 nifi
1387 2404 1471 2452 per
1484 2390 1658 2438 Sedem
1670 2393 1994 2456 Apostolicam
2010 2398 2290 2449 absolvatur.

85 2443 146 2491 Et
156 2444 205 2490 in
216 2445 315 2509 ipso
325 2445 472 2504 fasto,
499 2447 530 2495 fi
554 2450 666 2513 quid
688 2451 900 2509 tenebat,
926 2452 1037 2501 illud
1058 2455 1224 2518 perdat
1248 2455 1298 2503 &
1317 2471 1390 2502 res
1412 2455 1498 2504 suae
1521 2458 1570 2504 in
1592 2459 1846 2515 utilitatem
1856 2463 2068 2512 Ecclefiae
2092 2481 2292 2516 conver-

86 2517 262 2558 tantur.
333 2510 642 2576 Adjicientes,
660 2519 790 2581 quod
803 2520 853 2566 in
862 2518 936 2567 illa
948 2520 1155 2577 dioeces1‚
1170 2522 1218 2568 in
1231 2536 1322 2585 qua
1336 2521 1528 2587 aliquod
1542 2528 2121 2581 canonicumcathedralis
2132 2534 2293 2582 Eccle-

87 2575 176 2633 fiae,
188 2576 267 2626 vel
278 2579 327 2626 in
338 2579 569 2643 dignitate
578 2583 892 2633 Ecclefiastica
903 2585 1213 2635 constitutum
1227 2589 1331 2653 capi
1343 2592 1698 2656 contigerit,vel
1709 2603 1902 2661 captum
1916 2600 2129 2660 detinere
2141 2616 2292 2667 usque

86 2645 151 2691 ad
159 2643 427 2713 libertatem
446 2646 583 2712 ipfius
603 2648 654 2699 ὅ(
666 2651 1013 2702 exhibitionem
1036 2654 1204 2704 debitae
1225 2655 1549 2709 satisfafflonis
1563 2660 1762 2712 cessetur
1771 2666 2053 2730 generaliter
2063 2667 2091 2717 a
2104 2669 2290 2719 divinis,

2071 2735 2293 2786 Similiter

100 2856 107 2859 ,
149 2817 214 2872 (θ)
243 2817 367 2865 fuerit.
450 2823 535 2880 (ff)
565 2824 758 2871 dividatur.
836 2828 905 2880 (ᾧ)
934 2806 1030 2871 deest
1049 2844 1121 2873 vox
1137 2829 1286 2888 semper.
1357 2830 1437 2890 (ι)
1461 2827 1527 2890 pro
1546 2839 1674 2895 ipsius,
1699 2842 1782 2897 lege
1799 2844 1836 2883 in
1853 2843 1932 2886 suis.
1992 2834 2076 2897 (2)
2094 2861 2238 2889 comma
2254 2844 2290 2885 h·

173 2924 189 2936 ἱ
242 2874 271 2918 1.
288 2874 431 2924 sufficit,
525 2883 589 2936 (3)
621 2882 841 2931 hujusmodu.
955 2888 1026 2942 (4)
1052 2888 1148 2928 deest
1171 2894 1220 2934 δε.
1320 2890 1376 2944 (5)
1404 2894 1580 2940 nostrum.
1672 2898 1742 2954 (6)
1765 2902 1903 2943 rarione
1918 2903 2162 2951 matrimonii,
2187 2899 2290 2958 quod

243 2933 350 2973 multi
373 2947 495 2976 errore
512 2941 658 2982 coecati,
687 2938 765 2978 fieri
787 2939 886 2993 posse
906 2944 1076 2989 credunt,
1106 2955 1179 2985 aut.
1267 2947 1327 2999 (7·
1360 2949 1620 2998 concedendas.

82 3015 87 3019 “
128 3009 219 3064 -(8)
244 3011 337 3075 γΗεεσ
354 3030 439 3070 quae
454 3018 650 3073 sequuntur
669 3035 783 3077 usque
799 3024 841 3063 ad
860 3025 964 3067 verba
986 3037 997 3070 t
1033 3022 1143 3063 Item
1163 3035 1261 3065 cum
1282 3021 1524 3072 detentores
1550 3037 1588 3078 in
1608 3050 1694 3079 meo
1711 3040 1903 3095 exemplari
1926 3040 2062 3093 desunt.
2132 3045 2288 3087 Notatur

244 3079 367 3112 tamen
384 3074 425 3114 in
441 3082 607 3132 margine
623 3078 681 3118 hic
697 3078 872 3127 defestus,
889 3081 1068 3126 dicendo:
1096 3085 1164 3126 Hic
1183 3087 1295 3128 multa
1311 3086 1452 3136 desunt,
