2535 3448
211 190 367 258 1Cap.‘
386 184 676 252 5teffieila9e.
1019 185 1123 238 uno
1151 181 1344 235 antem
1368 177 1601 246 briefen.
2259 189 2357 252 319'

106 298 110 303 .
202 310 454 363 InOC‘mva
465 308 660 358 Martini
678 307 888 355 servetur
901 304 1068 352 festum
1092 305 1453 370 presentationis
1469 305 1676 366 (Mariae)
1697 304 1778 354 suo
1801 320 1955 365 more,
1978 305 2028 356 ὅ(
2047 303 2376 361 Βοωίῑιὶεειίἰς,

314 378 487 428 omelia
500 377 709 425 servetur
721 375 837 421 seria
853 375 990 421 tertia
1003 373 1243 437 sequente.

201 446 386 498 Festum
406 446 452 492 8.
474 444 740 522 Katherine
775 456 1030 490 occurrens
1065 442 1114 488 in
1134 441 1440 488 Dominicam
1472 439 1682 489 servetur
1719 441 1899 490 ibidem
1926 455 2036 491 cum
2065 440 2240 492 omelia
2267 443 2353 508 doff

201 510 572 645 Sabbgthboeggst
583 579 775 627 Andree
796 580 1074 643 imponatur
1092 577 1343 625 Adventus
1355 573 1566 622 Domini.

356 706 504 753 Anno
527 703 722 751 Domini
753 717 892 764 1521.
917 714 1084 749 aureus
1109 712 1332 746 numerus
1345 696 1400 745 11.
1422 695 1557 757 litera
1575 697 1879 747 Dominicalis
1904 698 1952 748 F.
1987 716 2075 766 pro
2098 698 2352 750 intervallo

136 773 214 825 sex
231 772 533 821 hebdomade
552 772 601 820 δε
624 773 830 834 quinque
848 766 1181 816 concurrentie
1196 783 1210 812 ε

201 855 334 904 Feria
354 860 521 918 quarta
544 850 649 916 post
662 848 924 912 Epiphanie
947 844 1131 907 legatur
1144 842 1479 907 Evangelium:
1510 847 1614 889 Cum
1624 844 1767 903 fastus
1782 847 1878 906 effic
1894 865 1912 901 ,·
1946 848 1994 898 ὃς
2008 848 2123 901 feria
2147 848 2278 897 sexta
2296 849 2352 896 Ε.

304 919 608 984 vangelium:
649 915 771 960 Vidit
789 912 1008 971 johannes
1025 928 1044 965 ‚-
1080 911 1141 960 ad
1167 909 1350 959 missam
1375 911 1546 958 eadem
1581 911 1698 959 feria
1721 922 1885 978 quarta
1913 915 2061 978 Offim
2096 918 2170 979 (*)
2202 923 2255 965 ln
2277 933 2356 964 ex-

305 988 409 1047 celso
429 986 597 1036 throno,
616 994 752 1028 more
771 979 867 1028 suo.

200 1056 331 1105 Feria
354 1052 493 1100 tertia
514 1049 620 1115 post
643 1045 854 1097 OC’cavas
866 1047 1132 1114 Epiphanie
1152 1045 1337 1113 legatur
1349 1043 1658 1110 Evangelium
1672 1047 1756 1093 Die
1778 1051 1917 1096 tertia
1937 1053 2082 1117 nuptie
2097 1054 2221 1115 faHe
2236 1054 2353 1115 siant,

302 1135 414 1168 cum
434 1118 515 1166 suo
537 1115 716 1165 officio.

195 1187 439 1237 sabbatho
460 1182 566 1252 post
578 1182 815 1234 Anthonii
838 1184 1151 1250 imponentur
1173 1181 1372 1249 epistole
1384 1180 1515 1230 Pauli
1537 1196 1646 1230 cum
1668 1181 1967 1249 responsoriis
1988 1187 2048 1234 de
2069 1187 2198 1237 seria.

196 1267 381 1320 Festum
402 1267 589 1316 Fabiani
614 1265 665 1317 ὅ(
690 1265 948 1315 Sebastiani
983 1279 1241 1314 occurrens
1268 1264 1318 1312 in
1339 1262 1595 1311 Dominica
1619 1263 1829 1314 servetur
1849 1265 2024 1326 ibidem
2049 1283 2158 1316 cum
2179 1269 2353 1320 omelia

303 1336 524 1403 propria,
553 1335 603 1386 ὅ(
622 1334 796 1383 omelia
819 1334 1117 1383 dominicalis
1137 1352 1151 1382 ε
1183 1338 1290 1380 Cum
1313 1330 1593 1391 descendiffet.
1816 1376 1817 1379 ,

198 1405 332 1458 Feria
354 1411 520 1470 quarta
541 1403 756 1469 sequenti
778 1418 889 1451 cum
911 1402 992 1451 suo
1017 1399 1181 1451 officio
1203 1400 1254 1452 δε
1272 1399 1389 1449 feria
1423 1400 1588 1466 quinta
1620 1398 1835 1464 sequenti
1864 1399 2076 1453 servetur
2097 1402 2271 1452 omelia
2290 1410 2356 1467 Ag

294 1473 521 1534 fundente
532 1472 681 1533 jhesu,
699 1487 811 1519 cum
829 1467 1007 1519 officio-

201 1541 443 1591 Sabbatho
465 1539 612 1588 altera
630 1537 954 1589 conversionis
977 1536 1108 1587 Pauli
1127 1531 1664 1604 deponaturHalleluja,
1683 1535 1732 1582 in
1753 1536 1915 1601 primis
1934 1536 2137 1604 vesperis
2161 1553 2247 1604 per
2265 1538 2355 1590 suf·

301 1607 504 1674 fragium
528 1616 731 1656 tantum.

198 1674 385 1728 Festum
405 1676 451 1724 S.
474 1676 695 1739 Ansgarii
719 1687 975 1722 occurrens
995 1671 1252 1718 Dominica
1274 1667 1572 1734 Sexagefime
1604 1669 1780 1717 ibidem
1801 1668 2016 1720 servetur
2036 1673 2248 1723 homelia
2266 1675 2352 1726 do·

303 1741 534 1790 minicalis
557 1742 768 1819 servetur
788 1740 905 1789 feria
925 1739 1130 1788 secunda
1152 1737 1391 1804 sequenti,
1424 1737 1475 1788 &
1494 1734 1594 1801 ejus
1609 1735 1797 1787 Oetam
1809 1740 2095 1805 anticipetur
2105 1741 2351 1792 Sabbatho

199 1816 751 1954 Festgrrrssggmlplgffigrrils
763 1874 974 1939 Virginis
997 1872 1285 1938 anticipetur
1306 1873 1358 1922 in
1378 1871 1543 1921 feriam
1563 1871 1742 1921 sextam
1755 1873 2060 1938 antejudica,
2078 1872 2128 1927 ὃ(
2140 1875 2352 1929 homelia

196 1940 1075 2060 Ὲεῆἒιιῑῖιλξῐιιὲιιιῐὶιξὲξὶῗζιῖἓῗοωὶηἰςε
1099 2022 1355 2056 occurrens
1377 2006 1493 2055 feria
1515 2007 1715 2056 secunda
1736 2008 1784 2056 in
1807 2007 2067 2073 septimana
2088 2010 2247 2062 saneta
2271 2018 2353 2064 an.'

302 2078 527 2142 ticipetur
538 2076 780 2126 Sabbatho
801 2075 1069 2124 Palmarum
1093 2092 1202 2123 cum
1225 2075 1357 2122 omni
1379 2073 1725 2139 glorificatione
1749 2076 1827 2124 sua
1847 2076 1896 2126 ὅ(
1914 2077 2126 2129 secundis
2147 2080 2353 2147 vesperis

302 2144 353 2194 &
364 2145 713 2211 responsorium
724 2143 949 2207 Ingreffus,
965 2144 1272 2192 transferatur
1286 2144 1334 2191 in
1347 2144 1473 2192 diem
1486 2142 1766 2192 Palmarum.
2167 2162 2171 2168 ·

197 2211 383 2261 Festum
405 2212 451 2260 S.
475 2211 711 2261 Ambrosii
734 2227 991 2260 occurrens
1014 2211 1130 2260 feria
1150 2211 1315 2275 quinta
1335 2210 1383 2258 in
1404 2210 1676 2276 pascalibus,
1700 2211 2006 2261 transferatur
2028 2213 2077 2263 in
2096 2214 2263 2266 feriam
2285 2217 2351 2268 se·

252 2335 261 2344 ·
304 2279 507 2326 cundam
521 2279 627 2344 post
639 2279 1088 2348 Qafimodogeniti'
1108 2278 1421 2328 &habebitur
1441 2279 1614 2342 primas
1637 2278 1872 2343 vesperas,

196 2346 346 2458 Fer-iz}2
358 2345 636 2461 tertia&post
660 2347 1111 2414 Qafimodogeniti
1142 2347 1419 2410 imponatur
1443 2345 1589 2393 Liber
1605 2346 1902 2411 Apocalipfis
1927 2363 2037 2398 cum
2058 2349 2133 2399 sua
2159 2350 2352 2404 historia

196 2428 602 2530 Festmffssisburqii
626 2495 881 2530 occurrens
905 2481 1158 2531 Dominica
1180 2480 1526 2528 Misericordias
1547 2479 1760 2538 Domini,
1783 2483 2094 2535 transferatur
2114 2486 2164 2536 in
2182 2487 2350 2540 feriam

305 2546 558 2597 secundam
572 2547 867 2612 sequentem,
881 2550 929 2598 in
939 2550 1105 2616 primis
1117 2549 1228 2610 vesp
1235 2547 1322 2594 eris
1349 2545 1618 2612 suffragium
1629 2555 1830 2598 tantum.

748 2644 883 2732 a&
1159 2641 1293 2715 Ψ
1601 2644 1735 2732 *⁹⁶2⁶

133 2760 312 2848 Anno
344 2759 540 2810 Domini
584 2759 838 2809 Millefimo
886 2760 1267 2838 quingentesimo
1303 2760 1528 2810 vicesimo
1565 2763 1721 2827 primo
1758 2763 1786 2812 a
1813 2764 2043 2832 Capitulo
2079 2768 2253 2821 estivali
2288 2776 2348 2821 ad

248 2828 525 2895 Capitulum
550 2829 822 2877 autumnale
844 2829 1042 2877 Diuinus
1065 2829 1201 2880 Ordo
1237 2830 1285 2877 in
1305 2829 1605 2894 Prepofitura
1625 2831 1971 2899 Hamburgensi
1994 2849 2260 2904 peragatur.

198 2908 554 2988 Pena-secunda
576 2900 681 2976 post
690 2910 891 2975 Jubilate
913 2913 1187 2977 imponatur
1209 2909 1399 2962 historia
1418 2913 1466 2961 Si
1483 2910 1652 2972 oblitus,
1671 2913 1720 2965 ὅ(
1739 2912 1957 2982 legantur
1967 2918 2171 2984 Epistole
2186 2920 2345 2970 Cano-

304 2993 413 3032 mce
431 2994 581 3046 usque
599 2981 660 3029 ad
672 2978 1010 3034 Ascenfionem
1023 2979 1230 3031 Domini.
2158 3053 2341 3105 Festum

396 3129 460 3182 (θ’)
488 3124 571 3185 lege
590 3126 757 3173 officium
774 3142 837 3175 aut
859 3125 1104 3177 offertorium,
1119 3125 1272 3188 praefero
1290 3143 1410 3175 tamen
1426 3129 1621 3175 hotonem
1637 3131 1811 3189 priorem·
