2535 3448
172 165 284 212 :244
653 150 945 228 Colleffion,
974 160 1081 203 von
1098 149 1424 224 &tiffmngess
1447 159 1839 212 Confirmations·
2076 154 2292 230 {Period

237 391 241 393 ‚
288 297 563 385 XXVI.
623 291 1064 385 Burchardi
1097 296 1484 424 Archiep.
1532 306 1961 400 declaratio
2015 275 2251 435 super

599 416 1062 542 praebendis
1100 424 1591 538 minoribUS,
1635 442 1728 535 A.
1753 466 1934 563 1334.
2192 482 2196 485 “

442 567 510 609 Ex
532 564 678 610 Codice
700 568 794 636 VHf
819 566 1016 614 Biblioth.
1045 569 1215 630 publicae
1246 577 1365 619 MSS.
1390 575 1570 626 Hambb.
1593 577 1639 621 in
1663 594 1708 634 4.
1743 595 1841 645 pag.
1863 597 1952 641 142.
1964 585 2088 647 seqq.

172 644 270 738 IN
295 643 488 692 nornine
510 645 704 692 Domini
729 660 881 694 amen.
952 649 1055 695 Nos
1066 650 1359 699 Borchardus
1374 654 1461 703 Dei
1479 656 1626 718 gratia
1638 657 1684 703 S.
1699 657 1954 708 Bremenfis
1965 663 2175 711 Ecclesiae
2187 665 2361 713 Archi.

172 772 174 775 Ι
248 710 491 786 episcopus
505 712 563 757 ad
575 711 804 768 omnium,
819 728 1020 776 quorum
1031 716 1236 774 interest,
1258 718 1334 764 seu
1356 719 1572 772 interesse
1593 725 1772 785 poterit
1792 725 1840 771 in
1863 714 2070 774 flaturum
2084 757 2104 784 ,-
2134 723 2354 778 notitiam

172 791 385 842 cupimus
407 778 681 846 pervenire,
713 780 842 842 quod
871 778 981 828 licet
1000 781 1048 847 in
1066 781 1209 830 literis
1233 783 1426 842 nostris,
1459 784 1701 848 cujusdam
1723 789 2124 851 confirmationis,
2161 788 2246 858 per
2267 781 2354 843 nos

170 858 322 908 nuper
339 842 498 901 fifflrae,
534 844 670 909 super
697 843 1027 894 instauratione
1062 852 1352 912 quarundam
1380 853 1734 914 praebendarum
1763 858 2000 905 minorum
2019 892 2033 915 ,
2076 861 2126 907 in
2154 859 2355 909 Ecclesia

167 910 510 974 Hamburgensi
535 912 723 958 easdem
747 913 1018 975 praebendas
1039 916 1370 973 obtinentium,
1392 918 1514 966 inter
1534 918 1620 965 alia
1641 922 1928 980 inseruimus,
1963 927 2091 988 quod
2111 925 2192 990 ipsi
2215 927 2355 975 debe-

168 984 276 1027 rent
298 979 355 1024 de
377 977 459 1025 illis
482 978 740 1042 praebendis
775 978 835 1025 ad
869 977 976 1026 alias
1012 982 1218 1029 minores
1243 984 1518 1046 praebendas
1543 992 1653 1032 ante
1678 986 1941 1036 instauratas
1966 992 2217 1040 ascendere
2235 994 2352 1058 ipsas

170 1045 410 1109 optando,
448 1045 637 1108 quidam
659 1051 819 1092 tamen
841 1047 1018 1104 curiose
1040 1047 1325 1111 disputantes
1346 1050 1394 1098 in
1417 1051 1608 1099 dubium
1632 1063 1878 1110 revocant,
1902 1061 2060 1102 utrum
2082 1056 2353 1120 hujusmodi

168 1111 302 1168 tales,
332 1112 410 1174 qui
430 1110 572 1158 di&as
593 1112 800 1158 minores
823 1113 1094 1176 praebendas
1113 1122 1221 1161 ante
1241 1115 1508 1166 instauratas
1531 1134 1631 1166 non
1653 1103 1984 1178 ascenderent,
2018 1121 2219 1185 majores
2243 1114 2354 1188 prte-

166 1179 344 1227 bendas
358 1178 562 1242 adipisci,
573 1175 712 1240 juxta
729 1177 1115 1226 consuetudinem
1131 1179 1263 1229 dittae
1275 1183 1638 1247 Hamburgensis
1649 1184 1878 1243 Ecclesiae,
1892 1204 1982 1250 qua
1997 1196 2208 1244 cavetur,
2221 1192 2351 1253 quod
2394 1204 2398 1207 ’

166 1246 294 1312 prior
306 1246 356 1291 in
370 1245 624 1308 adeptione
637 1244 829 1291 minoris
842 1243 907 1290 est
919 1246 1079 1308 potior
1091 1247 1139 1293 in
1151 1246 1438 1296 assecutione
1450 1249 1543 1312 maj
1550 1253 1655 1299 oris.
1753 1254 1857 1299 Nos
1881 1253 2020 1315 igitur
2032 1255 2350 1312 attendentes,

167 1313 297 1377 quod
316 1311 431 1358 illius
454 1309 570 1357 inest
592 1311 915 1373 interpretari,
946 1309 1076 1373 cujus
1099 1311 1163 1359 est
1183 1316 1416 1371 condere,
1449 1313 1723 1379 hujusmodi
1745 1318 1935 1364 curiosae
1955 1318 2248 1382 deceptionis
2271 1322 2352 1369 du-

165 1381 294 1427 bium
318 1383 561 1441 amputare
582 1375 799 1423 volentes
813 1410 827 1432 ,
859 1378 1048 1424 easdem
1065 1379 1218 1425 literas
1243 1380 1407 1426 nostrae
1431 1380 1822 1440 confirmationis,
1836 1384 2066 1446 quantum
2087 1386 2145 1431 ad
2165 1386 2262 1434 hoc
2283 1396 2351 1434 ta-

162 1447 270 1495 liter
298 1443 651 1507 interpretando
679 1442 990 1498 declaramus,
1028 1446 1155 1506 quod
1181 1445 1274 1500 hii,
1303 1446 1381 1508 qui
1416 1444 1560 1494 dietas
1583 1449 1788 1497 minores
1809 1451 2080 1514 praebendas
2101 1449 2350 1501 novissime

2227 253 2358 265 -ω

164 1511 450 1565 instauratas,
478 1510 712 1563 obtinent,
732 1506 919 1572 possunt
932 1509 981 1556 ὅ(
993 1510 1184 1566 debent,
1196 1508 1334 1572 juxta
1348 1515 1546 1560 eandem
1559 1514 1923 1579 Hamburgenfis
1936 1516 2144 1565 Ecclesiae
2158 1519 2357 1575 consue-x
2422 1538 2426 1541 *

164 1578 381 1628 tudinem
398 1573 601 1637 majores
621 1574 890 1636 praebendas
916 1575 1186 1622 immediate
1210 1577 1422 1640 adipisci,
1459 1579 1549 1626 sine
1581 1595 1641 1626 eo
1657 1613 1669 1636 ,
1704 1582 1835 1645 quod
1860 1581 1967 1629 alias
2001 1583 2207 1631 minores
2236 1600 2349 1648 prae-

163 1645 357 1699 bendas,
378 1649 514 1688 antea
537 1639 805 1686 instauratas
820 1672 834 1695 ,
864 1637 1185 1704 assequantur,
1221 1642 1270 1690 ὃ(
1287 1643 1398 1691 licet
1415 1644 1581 1691 nostrae
1608 1645 1750 1695 literae
1769 1645 2139 1696 confirmationis
2159 1651 2217 1696 de
2239 1653 2350 1699 ado-

160 1714 331 1777 ptione
351 1706 577 1755 di&arum
598 1706 953 1770 praebendarum
975 1716 1115 1754 antea
1138 1707 1489 1758 instauratarum
1512 1711 1746 1769 habeant,
1783 1713 1878 1760 hoc
1915 1713 1963 1760 in
1985 1714 2199 1762 savorem
2230 1718 2352 1765 obti-

160 1778 377 1826 nentium
399 1773 502 1820 istas
524 1773 795 1837 praebendas
817 1774 874 1818 de
898 1789 1028 1821 novo
1051 1773 1350 1833 instauratas,
1385 1777 1738 1826 confirmationi
1766 1794 1851 1844 per
1886 1774 1987 1827 nos'
2008 1779 2074 1827 est
2108 1781 2347 1842 insertum,

162 1844 272 1910 quia
296 1841 509 1906 quaedam
530 1853 591 1885 ex
613 1837 696 1884 illis
722 1837 805 1884 sint
827 1841 973 1901 magis
995 1841 1191 1902 pingues
1214 1841 1303 1889 istis
1339 1841 1584 1891 novissime
1619 1844 1904 1902 instauratis,
1941 1846 2019 1893 sed
2053 1845 2164 1894 illud
2192 1856 2349 1897 extor-

161 1909 295 1976 queri
315 1911 362 1956 in
385 1905 589 1960 noitam,
628 1905 757 1966 quod
779 1905 825 1950 in
845 1904 1059 1951 favorem
1081 1903 1145 1950 est
1173 1907 1473 1963 concessum,
1510 1911 1721 1970 iniquum
1742 1908 2026 1970 judicamus.
2123 1915 2180 1960 ,In
2217 1912 2347 1976 cuj'us
2395 1929 2398 1931 ’

160 1970 328 2024 nostrae
351 1970 587 2037 praesentis
612 1970 1012 2032 interpretationis
1026 1970 1075 2017 <Sc
1089 1969 1413 2019 declarationis
1437 1972 1771 2030 testimonium,
1795 1974 1986 2037 sigillum
2007 1977 2215 2025 nostrum
2235 1995 2348 2042 prae-

161 2041 365 2091 sentibus
388 2036 454 2084 est
476 2034 747 2101 appensum.
847 2035 1023 2083 Datum
1046 2036 1219 2083 Vordis
1247 2052 1374 2085 anno
1403 2036 1593 2084 Domini
1623 2053 1764 2101 1334.
1793 2039 1996 2088 Sabbato
2035 2051 2144 2090 ante
2177 2045 2344 2093 festum

159 2109 289 2157 beati
310 2105 511 2153 Thomae
533 2100 742 2166 apostoli.
809 2126 811 2129 .

323 2218 637 2353 XXVII.
702 2219 1096 2306 Statutum
1120 2283 1139 2321 ,
1192 2178 1427 2339 quod
1463 2214 1825 2310 absentes
1862 2175 2181 2312 careant
2250 2320 2251 2324 a
2325 2321 2332 2329 ¹

708 2338 1100 2432 frmitibus
1149 2338 1792 2432 Praebendarum.

163 2471 497 2571 Burchardus
518 2472 609 2519 Dei
628 2474 775 2535 gratia
793 2473 837 2520 S.
849 2471 1102 2519 Bremensis
1113 2470 1324 2518 Ecclesiae
1336 2473 1732 2536 Archiepiscopus
1746 2506 1759 2529 ,
1795 2473 1972 2522 dileffis
1994 2475 2069 2523 fibi
2090 2476 2136 2522 in
2151 2474 2340 2534 Christo

275 2538 625 2587 honorabilibus
649 2539 801 2596 Viris,
837 2539 1032 2586 Decano
1069 2538 1119 2586 &
1139 2537 1363 2602 Cap'ltulo
1389 2538 1597 2586 Ecclefiae
1627 2539 2016 2604 Hamburgensis,
2054 2541 2261 2589 Salutem
2292 2542 2341 2588 in

163 2609 392 2656 Domino.
509 2641 512 2643 >
1174 2652 1183 2657 ,
2007 2632 2015 2639 .

258 2744 260 2749 ι
336 2683 463 2732 Cum
482 2681 732 2729 secundum
751 2681 1016 2730 Canonicas
1039 2680 1314 2731 Sanffiones
1335 2681 1618 2732 beneficium
1643 2686 1782 2733 detur
1802 2692 2002 2751 propter
2021 2682 2252 2738 officium,
2288 2682 2338 2732 ὃ(

164 2749 432 2800 beneficiati
453 2755 702 2799 teneantur
722 2750 770 2795 in
791 2748 874 2796 suis
886 2748 1095 2798 Ecclesiis
1118 2752 1177 2798 de
1193 2747 1302 2813 jure
1323 2754 1564 2799 communi
1579 2751 1882 2814 personaliter
1893 2751 2103 2804 residere,
2122 2747 2336 2811 proinde,

166 2819 280 2875 ficut
293 2814 620 2869 intelleximus,
633 2812 697 2859 est
710 2816 755 2860 in
766 2814 913 2861 vestra
923 2815 1122 2863 Ecclesia
1135 2815 1456 2874 constitutum,
1471 2818 1611 2867 &usu
1631 2818 1977 2866 consuetudinis
1999 2815 2170 2861 diutius
2186 2815 2338 2861 obser·
2375 2840 2380 2845 ·

164 2893 355 2941 vatum,
392 2882 520 2945 quod
541 2878 797 2927 Canonicis
819 2881 867 2928 in
890 2882 1053 2928 eadem
1065 2882 1265 2930 Ecclesia
1287 2883 1914 2946 personaliterresidentibus
1927 2878 2104 2927 sruffms
2126 2880 2335 2943 praeben-

114 2981 117 2990 2
166 2952 333 3001 darum
344 2949 527 2998 'suarum
548 2945 834 3009 integraliter
854 2947 1234 3012 percipientibuS,
1254 2949 1348 2997 aliis
1364 2948 1890 3000 vestrisConcanonicis
1913 2947 2174 2994 absentibus
2187 2979 2201 3003 ,
2238 2961 2340 3059 ηὲῗ

224 3040 233 3044 -
1654 3033 1656 3035 ·
2295 3029 2307 3060 1
2328 3027 2341 3057 1
