2535 3448
201 187 232 220 2
247 170 367 235 Cap.
1070 167 1219 217 Anno
1269 156 1428 226 1373?
1917 154 2011 249 Ω
2182 152 2326 246 έ-ςξ

134 292 795 439 Qlatuordecim
809 308 1151 407 Articuli
1161 308 1513 403 Erronei
1523 307 1735 427 Juris
1759 300 2172 409 Saxonici,
2194 297 2332 390 seu

131 437 644 554 Theutonici
660 445 742 529 ὃ(
759 430 1594 558 MaydenburgenfiS,
1608 465 1763 556 per
1776 428 2083 523 Sedem
2098 432 2334 550 Apo-

243 565 609 662 stolicam
646 561 1178 656 condemnati
1201 626 1224 668 ,
1285 584 1670 685 tanquam
1709 558 1858 675 juri
1891 553 2231 678 naturali

820 697 906 781 &
928 686 1221 778 divino
1251 686 1648 775 contrarii.

195 826 328 895 Qos
353 827 488 871 en'am
507 838 583 871 nos
602 821 1020 877 ALEXANDER,
1041 825 1131 865 Rex
1153 818 1329 863 Polont’ae
1351 814 1435 863 &a
1467 817 1695 877 Apostolico
1716 822 1900 864 Decreto
1934 813 2167 860 innitentes
2193 809 2340 875 repro?

299 892 469 948 bamus,
482 892 830 943 condemnamus,
842 887 1086 950 nulliusque
1104 884 1262 930 roboris
1277 881 1328 928 65
1338 885 1544 928 momenti
1562 884 1827 930 decernimus
1847 895 2043 946 perpetuo
2062 896 2114 927 ac
2126 895 2201 941 per
2212 895 2338 941 quos-

297 960 403 1007 libet
416 958 586 1018 judices
613 956 664 1003 θ’
679 957 875 1017 subditos
891 956 1051 1014 nostros
1063 983 1080 1007 ,
1112 951 1287 999 ubilibet
1312 952 1359 995 in
1387 950 1584 996 dominiis
1608 951 1754 1010 nostris
1786 952 2074 1011 consistentes,
2105 948 2340 1007 districtius

289 1027 372 1088 sub
387 1030 512 1088 poent‘e
535 1025 682 1082 nostrie
708 1023 878 1069 eosdem
900 1023 1044 1067 teneri
1072 1019 1342 1065 inhibemus:
2096 1064 2099 1065 ⁷

208 1106 351 1153 rimus
363 1102 606 1151 Articulus
625 1102 846 1150 continet
867 1118 880 1146 ε
918 1099 1067 1164 Qod
1087 1098 1312 1163 quicquid
1325 1096 1478 1144 homo
1500 1094 1668 1143 fecerit
1679 1101 1812 1141 extra
1827 1092 2078 1157 judicium,
2092 1099 2341 1157 quantum-

230 1185 421 1234 cunque
440 1169 539 1217 hoc
558 1168 613 1216 fit
631 1168 894 1223 notorium,
910 1166 954 1214 se
967 1168 1165 1215 liberare
1180 1164 1362 1229 poterit
1374 1179 1460 1229 per
1478 1159 1957 1228 suumjuramentum,
1972 1176 2062 1208 nec
2083 1167 2252 1208 contra
2272 1167 2341 1209 ta-

128 1236 226 1288 lem
236 1236 365 1287 valet
388 1234 583 1300 aliquod
600 1233 940 1283 testimonium.
1564 1237 1566 1239 ’

301 1303 546 1352 Secundus
556 1300 797 1351 Articulus
816 1320 829 1349 ε
863 1300 991 1367 Papa
1005 1314 1105 1348 non
1116 1297 1290 1366 potest,
1302 1312 1392 1347 nec
1407 1295 1569 1363 aliquis
1589 1293 1719 1351 alim,
1730 1293 2344 1357 Dominumlmperatorem

132 1371 571 1427 excommunicare,
582 1368 835 1435 postquam
849 1368 1151 1425 consecratus
1164 1365 1246 1425 est,
1258 1367 1308 1415 δε
1319 1362 1506 1420 υῐιᾶυε,
1519 1363 1600 1410 nisi
1612 1361 1760 1410 solum
1773 1362 1822 1408 in
1836 1361 1981 1408 tribus
1997 1359 2190 1417 cafibus,
2211 1360 2242 1408 fi
2262 1361 2346 1409 du-

132 1439 235 1488 bius
245 1437 300 1487 fit
308 1439 358 1486 in
367 1436 477 1494 fide,
487 1436 519 1492 fi
537 1437 757 1499 repudiat
769 1450 971 1484 uxorem
987 1435 1114 1482 suam
1125 1434 1402 1499 legitimam,
1416 1431 1446 1478 ss
1459 1429 1664 1479 destruat
1675 1427 1943 1475 Ecclesiam.

302 1503 494 1552 Tertius
506 1501 745 1550 Articulus
766 1520 779 1550 ε
817 1502 967 1567 Qod
981 1499 1419 1549 excommunicatio
1434 1497 1678 1546 neminem
1690 1495 1902 1544 debilitat
1913 1497 1962 1544 in
1975 1490 2086 1558 jure
2111 1500 2247 1543 terrae
2269 1493 2349 1543 seu

134 1571 282 1630 feudi,
296 1570 378 1618 nifi
390 1571 607 1635 sequatur
618 1568 840 1634 regularis
855 1567 1150 1633 proscrIptio.

307 1639 518 1706 Qartus
538 1635 776 1684 Articulus
796 1653 809 1683 ε
847 1635 997 1702 Qod
1008 1633 1138 1701 Papa
1156 1649 1258 1682 non
1278 1630 1436 1699 potest
1457 1630 1614 1696 aliquo
1634 1630 1785 1678 modo
1805 1628 1907 1694 ejus
1932 1629 2143 1678 condere
2160 1629 2241 1679 vel
2259 1627 2348 1678 sta-

134 1711 288 1762 tuere,
313 1720 401 1772 per
422 1705 555 1769 quod
575 1702 733 1755 valeat
747 1701 827 1767 jus
846 1700 1087 1762 nost-rum,
1123 1701 1221 1751 hoc
1240 1700 1330 1760 est,
1355 1700 1596 1748 Statutum
1615 1706 1752 1747 terrae
1782 1696 1862 1748 vel
1894 1696 2024 1746 feudi
2045 1696 2361 1756 Saxonicum,

137 1772 428 1821 deteriorari.
513 1769 517 1773 ⁴

310 1839 520 1906 Qintus
542 1835 784 1887 Articulus
810 1853 824 1884 ε
882 1835 1033 1903 Qod
1060 1834 1187 1884 nulla
1210 1834 1443 1883 sententia
1464 1840 1562 1882 tam
1578 1829 1702 1896 justa
1728 1832 1828 1879 dari
1850 1830 2009 1897 potest
2035 1832 2085 1879 in
2107 1831 2350 1881 saxonem

94 1959 101 1963 ,
139 1919 302 1954 coram
314 1906 445 1970 Rege
459 1904 536 1954 vel
544 1903 729 1968 judicio
740 1901 921 1967 Regali,
935 1903 1050 1968 quin
1062 1901 1094 1950 fi
1104 1901 1237 1951 velut
1248 1903 1374 1950 Saxo
1389 1900 1533 1949 talem
1546 1899 1829 1948 sententiam
1841 1899 2164 1964 reprehendit,
2174 1897 2348 1947 testans

136 1972 188 2021 in
209 1987 404 2020 manum
428 1972 555 2020 suam
577 1972 812 2033 dextram,
826 1965 1121 2035 &majorem
1134 1969 1533 2018 communitatem
1548 1967 1598 2016 in
1612 1967 1762 2014 semet
1776 1966 1925 2031 ipsum
1938 1980 2149 2032 pugnare
2161 1965 2349 2023 volenS,

136 2046 307 2088 contra
323 2039 506 2105 septem
526 2037 641 2086 alios
661 2053 750 2104 pro
772 2035 896 2088 dista
916 2038 1164 2096 sententia,
1189 2044 1304 2086 tunc
1328 2037 1408 2103 ubi
1428 2032 1582 2099 major
1604 2050 1711 2101 pars
1733 2034 2116 2100 triumphaverit,
2132 2032 2238 2082 talis
2251 2032 2350 2082 sen-

137 2105 338 2154 tentiam
360 2107 613 2155 obtinebit.

308 2172 480 2220 Sextus
493 2171 762 2222 Articulus:
803 2172 953 2239 Qod
974 2171 1007 2221 fi
1027 2172 1132 2237 quis
1149 2172 1292 2221 fiaerit
1310 2167 1587 2220 interfestus
1601 2167 1750 2238 spolio
1762 2167 1839 2218 vel
1854 2167 2001 2225 furt0,
2009 2181 2103 2232 pro
2127 2179 2224 2230 quo
2236 2178 2350 2213 con-

76 2252 78 2254 ’
141 2237 420 2304 sanguineus
439 2237 678 2288 interfecti
697 2239 743 2288 se
766 2243 977 2305 praebeat
999 2241 1059 2288 ad
1078 2237 1304 2296 duellum,¹
1317 2238 1419 2287 talis
1442 2253 1528 2303 per
1546 2236 1756 2286 duellum
1772 2234 1961 2301 repellit
1974 2248 2120 2283 omne
2140 2230 2350 2299 testimo-

142 2306 292 2363 nium,
305 2320 394 2353 nec
407 2305 510 2354 talis
529 2314 744 2355 mortuus
759 2307 853 2356 fine
866 2306 1026 2356 duello
1039 2307 1220 2372 poterit
1231 2305 1359 2354 vinci
1373 2304 1450 2354 seu
1462 2305 1701 2354 convinci.
2189 2313 2194 2317 ’

192 2433 194 2435 ‚
315 2373 553 2437 Septimus
564 2372 803 2422 Articulus
822 2393 836 2422 z
873 2374 1027 2439 Qod
1045 2373 1076 2421 fi
1090 2389 1189 2440 quo
1213 2370 1394 2422 dictant
1409 2376 1459 2422 in
1468 2369 1652 2436 judicio
1667 2369 1796 2419 fimul
1809 2370 2066 2419 contrarias
2079 2365 2348 2426 sententias,

143 2446 260 2488 tunc
273 2439 546 2505 quicunque
559 2439 721 2488 talium
734 2441 955 2490 habuerit
965 2437 1200 2504 majorem
1214 2439 1464 2506 sequelam,
1478 2439 1580 2487 talis
1602 2438 1878 2487 sententiam
1898 2437 2149 2486 obtinebit.

317 2504 532 2555 O&avus
551 2507 789 2556 Articulus
811 2526 826 2557 ε
869 2508 1019 2575 Qod
1043 2508 1316 2573 quicunque
1335 2506 1477 2554 fuerit
1499 2504 1759 2571 appellatus
1782 2505 1842 2552 ad
1862 2503 2072 2552 duellum
2094 2501 2348 2552 secundum

144 2569 269 2621 istius
279 2572 383 2621 libri
394 2572 615 2631 formam,
628 2573 731 2623 talis
744 2589 846 2623 non
852 2572 1015 2641 potest
1027 2576 1265 2639 denegare
1277 2572 1502 2631 duellum,
1516 2571 1594 2621 nisi
1606 2571 1862 2638 appellanS,
1875 2587 1986 2621 eum
1997 2571 2051 2621 fit
2059 2570 2212 2621 minus
2224 2569 2350 2617 bene

143 2649 299 2697 natus,
315 2655 457 2703 quam
482 2639 760 2705 appellatus.
1293 2684 1296 2687 .
1767 2665 1771 2666 ν

315 2707 486 2755 Nonus
509 2706 746 2755 Articulus
776 2725 792 2755 z
848 2707 999 2776 Qod
1028 2707 1299 2773 quicunque
1320 2705 1477 2772 perdit
1501 2701 1581 2769 jus'
1604 2705 1737 2755 suum
1752 2705 1942 2756 ratione
1961 2705 2074 2755 furti
2095 2703 2175 2757 vel
2197 2700 2349 2769 spolii,

143 2771 248 2822 talis
267 2773 505 2822 accusatus
525 2773 732 2823 secundo
754 2775 815 2822 de
833 2774 965 2824 furto
988 2773 1066 2823 vel
1092 2773 1242 2840 spolio
1262 2789 1364 2822 non
1385 2772 1542 2839 potest
1564 2773 1610 2823 se*
1630 2773 1827 2823 liberare
1848 2772 2118 2839 juramento
2139 2773 2237 2829 sun,
2266 2768 2349 2818 sed

107 2908 116 2915 ἢ
145 2840 426 2917 flilationem
454 2841 602 2889 habet
635 2839 695 2889 ad
727 2840 908 2889 ferrum‘
939 2842 1141 2906 ignitum
1176 2849 1258 2891 aut
1288 2857 1460 2907 aquam
1484 2840 1758 2891 bullientem
1770 2875 1786 2900 ,
1820 2842 1901 2892 vel
1918 2844 1977 2891 ad
1996 2840 2228 2894 duellum,
2257 2836 2343 2882 hu·

138 2909 433 3032 ququttgm
455 2907 638 2957 articuli
663 2923 774 2977 pars
799 2907 992 2980 ultima,
1028 2923 1130 2975 quae
1154 2909 1214 2964 ad
1233 2908 1411 2978 ferrum
1431 2909 1635 2976 ignitum
1657 2909 1708 2962 <Sc
1734 2917 1904 2961 caetera
1928 2907 2209 2979 elqffionem
2229 2915 2345 2961 con-7

149 2987 177 3024 C
239 2992 257 3035 l
286 3006 303 3037 ²
406 2989 620 3031 erronea·

2115 3051 2337 3108 Decimus
