2535 3448
195 199 259 250 68
447 204 448 207 ’
799 185 945 240 bom
967 182 1354 250 btm'tsebenbm
1374 189 1576 252 S‘eculo,
1595 201 1754 273 ‘1282
2073 212 2095 260 3
2113 197 2302 250 Period.
2320 194 2323 198 ’

2237 281 2362 290 ——n-

193 314 399 364 libenter
418 314 719 379 perferimus,
738 318 808 358 ¹ut
839 281 1026 358 subditis
1061 308 1227 358 nostris
1260 314 1468 376 quietem
1492 315 1632 365 status
1656 318 1706 367 ὅ(
1725 319 1851 384 pacis
1874 319 2130 367 commoda
2149 321 2370 385 propine-

193 397 327 438 mus,
360 380 535 430 fruitus
562 380 676 440 (19)
703 377 832 443 pacis
859 377 975 439 (20)
1002 375 1186 425 oblatos
1208 393 1296 442 pro
1318 378 1479 427 salubri
1507 381 1625 431 statu
1648 384 1758 433 cleri
1782 389 2009 450 partium,
2044 401 2300 451 regnorum
2320 387 2374 437 δε

192 450 463 497 Ducatuum
483 443 750 493 nostrorum
773 444 828 505 (2
842 446 885 505 ι)
907 443 956 491 in
976 443 1022 492 S.
1036 444 1366 510 Herbipolenfi
1388 447 1607 506 consilio,
1633 454 1747 513 (22)
1776 451 2071 501 affidentibus
2095 453 2229 500 nobis
2252 452 2377 514 (23)

191 512 481 569 Coloniensi,
494 510 782 576 Salburgenfi
794 511 844 560 δ(
855 510 1086 559 Bremensi
1106 509 1218 574 (24)
1231 513 1631 579 Archi-Episcopis
1645 517 1695 566 ὅ(
1706 519 1939 567 nonnullis
1960 535 2127 568 eorum
2140 518 2376 583 Suffraga«
2426 551 2464 571 Α-

192 582 293 630 neis
319 580 368 629 &
388 580 447 632 de
467 577 675 643 ipsorum
693 578 806 640 (25)
834 579 893 626 ad
910 578 957 625 id
982 577 1222 628 confilium
1239 588 1524 628 vocatorum
1548 581 1597 630 ὅ(
1619 583 1680 630 ibi
1704 586 1995 647 praesentium
2018 586 2218 644 assensn,
2253 586 2377 647 (26),

191 647 415 710 quasdam
442 643 803 694 constitutiones
837 645 1095 702 edidimus,
1128 661 1212 710 per
1228 662 1325 699 ,vos
1360 648 1472 710 (27)
1511 649 1561 695 in
1585 649 1825 713 posterum
1856 653 2183 701 inviolabiliter
2215 652 2371 701 obser·

189 714 382 770 vanda8‚
406 727 508 778 quae
530 712 557 758 a
577 709 680 775 jure
702 712 957 760 fundantur
977 713 1183 777 aequitati
1202 714 1482 771 deserviunt,
1512 715 1562 764 ὅ(
1581 718 1831 765 continent
1853 717 2165 767 honestatem.
2187 720 2301 779 (28)

358 780 514 828 lnDei
534 779 644 841 (29)
660 780 874 836 nomine,
891 780 1063 828 Amen.
1133 779 1197 827 Ut
1208 779 1380 829 Christi
1392 781 1553 829 militia
1564 781 1774 831 laudibus
1789 785 2014 849 deputata
2026 785 2210 843 divinis,
2223 782 2371 848 gestu,

188 847 396 896 moribus
418 846 468 896 ὅ(
487 846 667 904 habitu,
688 845 716 893 a
734 845 898 895 militia
919 845 1187 894 secernatur
1207 848 1429 905 humana,
1449 847 1645 897 cun&os
1665 851 2371 916 Archiepiscopos,Episcopos,

186 913 390 972 Electos,
415 915 529 975 (30)
547 914 774 970 Abbates,
794 920 1086 977 caeterosque
1103 914 1348 961 inferiores
1366 914 1671 963 Ecclefiarum
1693 916 1929 975 Praelatos,
1947 919 1996 967 ὅ(
2008 918 2228 982 personas
2240 932 2290 970 in
2306 918 2374 964 di·
2449 956 2459 982 ς
2502 899 2509 913 η’

186 983 368 1047 gnitate
387 980 705 1028 S.Sacerd0tii
719 979 1225 1043 constitutos,·quarum
1237 996 1347 1027 cura
1359 981 1496 1028 nobis
1509 984 1840 1041 committitur,
1865 986 2110 1031 caritatem
2130 986 2240 1046 (31)
2259 984 2398 1031 hor-n

187 1057 341 1097 tamur
358 1049 406 1096 in
417 1047 656 1104 Domino,
670 1047 720 1096 ὃ(
741 1053 939 1112 paterna
959 1046 1140 1093 suadela
1157 1061 1427 1103 monemus,
1449 1054 1504 1094 ut
1522 1048 1618 1110 pie,
1631 1047 1768 1106 caste,
1781 1052 1957 1098 munde
1978 1067 2032 1098 ac
2056 1052 2105 1098 in
2128 1050 2373 1115 splendore
2388 1065 2411 1095 f

184 1118 293 1165 vitae
306 1117 470 1164 vivere
482 1113 714 1172 studeant,
727 1114 975 1178 gravitate,
989 1127 1080 1176 qua
1093 1112 1342 1168 convenit,
1353 1120 1451 1170 tam
1463 1113 1513 1160 in
1526 1114 1708 1171 habitu,
1723 1130 1864 1179 quam
1875 1117 1924 1162 in
1935 1118 2142 1177 moribus
2154 1117 2374 1165 inceden-

185 1192 274 1240 tes,
288 1183 338 1233 ὅ(
355 1190 429 1240 ut,
443 1181 555 1229 ficut
574 1183 618 1243 (3
630 1182 685 1242 2)
706 1180 934 1244 dignitate
960 1178 1248 1244 praecellunt,
1263 1179 1321 1226 sic
1334 1180 1384 1228 ὃς
1395 1181 1504 1228 vitae
1527 1180 1825 1246 peffulgeant
1841 1183 1891 1243 (3
1907 1183 1955 1243 3)
1973 1178 2238 1240 honestate,
2260 1194 2377 1246 prae-·

185 1247 652 1300 senticonstitutione
665 1246 988 1294 constituimus
1001 1245 1290 1310 inposterum
1307 1246 1520 1295 valitura.
1561 1249 1673 1307 (34)
1709 1286 1712 1287 γ

272 1316 280 1328 ”
354 1315 470 1364 Usus
490 1315 815 1370 tabernarum,
846 1319 1156 1378 praeterquam
1178 1314 1227 1362 in
1247 1313 1414 1360 itinere
1447 1313 1734 1370 constitutiS,
1771 1313 1976 1364 &ludos
2000 1314 2286 1371 taxillarum,
2324 1329 2376 1362 o·

153 1417 157 1421 .
182 1383 370 1432 mnibus
391 1382 570 1430 clericis
593 1381 643 1430 ὃς
661 1381 865 1445 personis
886 1378 1239 1436 Ecclefiasticis,-
1253 1379 1506 1443 praesertim
1531 1382 1579 1428 in
1599 1380 1858 1429 Praelaturis
1891 1382 1940 1430 ὅ(
1963 1381 2095 1429 sacris
2116 1382 2373 1429 Ordinibus

183 1449 473 1505 constitutis,
506 1448 813 1513 prohibemus
836 1447 1034 1494 omnino
1056 1446 1193 1510 &qui
1217 1455 1387 1494 contra
1410 1447 1577 1495 fecerit
1598 1449 1647 1508 (3
1663 1450 1712 1509 ς)
1741 1448 2016 1514 in'publico,
2036 1447 2115 1499 vel
2136 1448 2243 1496 alibi
2262 1460 2386 1514 prae-'

183 1517 386 1567 sentibus
406 1515 548 1573 laicis,
563 1515 754 1562 arbitrio
770 1513 1006 1561 Ordinarii
1029 1516 1263 1578 puniatur.
1301 1515 1350 1575 (3
1362 1514 1429 1574 6)
1618 1515 1736 1575 (37)

356 1605 737 1653 Concubinarios
759 1602 1002 1661 Clericus,
1032 1606 1110 1670 qui
1132 1594 1381 1653 retinendo
1406 1602 1594 1670 publice
1618 1607 1934 1665 concubinas,
1965 1607 2016 1657 ὃς
2035 1607 2210 1655 famam
2231 1606 2378 1672 negli-

184 1682 320 1744 gunt,
334 1672 709 1722 &reverentiam
730 1670 967 1718 maculant
986 1670 1267 1728 clericalem,
1289 1688 1425 1719 more
1448 1673 1513 1736 pii
1523 1672 1692 1729 Patris,
1706 1689 1805 1719 non
1818 1674 2053 1738 personas,
2068 1675 2146 1722 sed
2158 1674 2375 1739 persona-

183 1760 290 1791 rum
300 1741 469 1789 vitium
483 1737 783 1793 detestantes,
805 1752 965 1784 earum
980 1737 1124 1795 saluti,
1149 1739 1382 1804 praesentis
1393 1738 1757 1786 Constitutionis
1778 1746 1947 1787 tenore
1962 1740 2020 1788 fic
2034 1742 2250 1788 duximus
2263 1755 2375 1806 pro-

184 1809 459 1863 videndum,
484 1806 532 1867 (3
546 1806 597 1864 8)
620 1805 749 1869 quod
765 1803 796 1850 si
813 1804 1000 1869 publice
1025 1806 1228 1853 retinere
1247 1804 1584 1871 praesumserint
1606 1807 1916 1865 concubinas,
1940 1807 1990 1856 ὃς
2009 1807 2058 1870 (3
2071 1809 2294 1870 9).novas
2305 1806 2378 1854 fo-

2216 1874 2375 1920 'carias

246 1981 336 2036 (19)
366 1978 586 2028 fructusque.
665 1975 761 2027 (20)
780 1975 991 2028 percipiant.
1072 1976 1163 2027 (21)
1183 1973 1448 2028 praedictorum.
1546 1974 1642 2028 (22)
1665 1977 1838 2020 coneilio.
1921 1979 2009 2033 (23)
2038 1979 2297 2019 venerabilibus
2313 1991 2375 2032 pa-

341 2033 455 2075 tribus
484 2029 771 2083 Moguntinenfi.
933 2030 1025 2084 (24)
1063 2029 1266 2070 Viennensi.
1423 2031 1516 2083 (25)
1549 2042 1588 2068 ac
1614 2031 1784 2071 abbatum
1808 2045 1848 2070 ac
1872 2034 2103 2086 praelatorum
2134 2032 2373 2087 praejsentium.

341 2089 436 2141 (χὸ)
462 2085 568 2124 deest.
674 2086 772 2136 (27)
795 2097 872 2127 eos.
1087 2094 1092 2099 ⁴
1924 2102 1946 2105 *⁷
2130 2089 2139 2100 Κ

248 2159 344 2214 (28)
373 2154 585 2196 Mandantes
602 2154 814 2192 auctoritate
838 2166 909 2205 qna
935 2152 1142 2206 fungimur,
1171 2163 1211 2190 ut
1229 2151 1268 2190 in
1286 2152 1446 2204 qualibet
1464 2153 1573 2193 etiam
1590 2153 1808 2198 cathedrali,
1825 2155 2080 2197 conventuali,
2097 2154 2156 2195 seu
2175 2156 2280 2194 etiam
2300 2154 2377 2196 col-

339 2213 470 2266 legiata
497 2208 558 2248 sub
577 2208 700 2248 nostro
716 2207 835 2261 figulo
860 2209 1002 2260 penitus
1031 2208 1230 2246 habeantur
1248 2210 1432 2247 annuatim
1446 2233 1456 2249 ,
1484 2222 1590 2261 prout
1607 2211 1643 2247 in
1664 2210 1920 2249 constitutione
1939 2210 2055 2249 nostra
2074 2223 2195 2250 contra
2217 2209 2375 2249 usuarios

341 2269 439 2308 aetus
457 2263 604 2302 inferius
623 2275 792 2302 annotata
814 2260 968 2315 expreffe
985 2264 1132 2315 legitur,
1149 2263 1382 2314 publicandae.
1450 2267 1527 2303 Vos
1546 2265 1667 2317 itaque
1684 2265 1747 2304 has
1770 2265 2044 2305 constitutiones
2059 2264 2191 2305 devote
2207 2264 2377 2318 suscipite,

341 2327 378 2362 δι
396 2333 454 2360 eas
471 2331 639 2371 tanquam
656 2330 830 2358 amatores
849 2318 986 2366 iustitiae
1003 2318 1258 2358 inviolabiliter
1278 2316 1475 2362 observate,
1722 2335 1727 2339 ’

254 2393 347 2448 (29)
375 2389 545 2430 Domini.
668 2388 763 2440 (30)
794 2388 968 2426 clericos.
1113 2387 1194 2442 (31)
1217 2387 1442 2428 auctoritate.
1561 2385 1649 2440 (32)
1676 2385 1772 2426 deest
1794 2384 1896 2428 ficut.
1947 2441 1954 2447 ι
2025 2385 2107 2447 (33)
2129 2386 2375 2438 praefulgeantae

344 2447 444 2500 (34)
463 2457 502 2483 ut
518 2441 787 2505 archiepiscopi,
804 2440 970 2495 episcopi,
985 2441 1131 2486 abbates
1148 2442 1185 2481 in
1205 2441 1377 2484 domibus
1395 2454 1534 2482 eorum,
1553 2440 1667 2480 clausa
1679 2465 1689 2480 ‚
1717 2446 1752 2480 ὅ(
1774 2455 1850 2480 non
1867 2442 1977 2481 nimia
1995 2441 2171 2494 longitate
2187 2442 2243 2483 vel
2260 2441 2379 2482 brevi—

342 2513 430 2543 tate,
449 2497 582 2538 munda
600 2496 988 2538 habeantmdumenta.
1100 2498 1184 2550 (35)
1210 2496 1369 2539 fecerint.
1461 2496 1555 2548 (36)
1575 2498 1778 2547 puniantur.

251 2573 339 2627 (37)
370 2567 530 2609 Abusum
559 2580 708 2620 quoque
733 2579 773 2605 ac
791 2564 1025 2618 suspicionem
1041 2567 1198 2618 contagii
1224 2565 1246 2604 *a
1263 2564 1418 2618 personis
1435 2563 1694 2604 aeclesiasticis,
1722 2561 1877 2603 maxime'
1902 2563 1938 2602 in
1969 2563 2202 2618 dignitatibus
2221 2561 2372 2605 &sactis

345 2623 533 2664 ordinibus
557 2622 776 2666 constitutis,
808 2632 952 2672 paterna
978 2620 1162 2672 diligentia
1189 2621 1377 2672 praecidere
1406 2619 1614 2672 diligentes,
1639 2617 1797 2671 personis
1824 2620 2032 2664 huiusmodi
2052 2619 2375 2670 frequentationem

342 2678 576 2717 claustrorum
596 2674 655 2714 seu
674 2674 971 2714 monasteriorum
989 2675 1202 2713 monialium
1221 2688 1259 2712 ac
1276 2675 1503 2714 inhonestam
1522 2677 1804 2714 collocutionem
1826 2675 1999 2713 &ludum
2021 2677 2169 2712 noxium
2190 2686 2272 2711 cum
2293 2671 2375 2723 ipsis

345 2731 564 2773 monialibus
582 2731 617 2768 in
638 2731 784 2768 cameris
798 2756 809 2774 ,
827 2730 881 2769 vel
901 2728 1062 2780 publice,
1088 2730 1126 2766 in
1152 2729 1220 2767 hac
1237 2730 1375 2768 edictali
1396 2730 1651 2769 constitutione
1672 2729 1715 2768 de
1737 2743 1857 2769 cetero
1875 2729 2128 2781 prohibemus,
2152 2732 2186 2766 δε
2205 2729 2266 2779 qui
2283 2740 2378 2765 con-

312 2802 315 2803 ’
343 2800 397 2829 tra
415 2786 560 2829 fecerit,
589 2798 694 2836 poena
712 2784 1095 2823 excommunicationis
1121 2786 1286 2835 puniatur
1307 2798 1366 2837 per
1383 2784 1630 2825 ordinarium.
1714 2785 1919 2831 Hastiludia‘
1936 2788 1971 2822 δε
1991 2795 2236 2821 torneamenta
2260 2781 2375 2823 elerici

344 2843 408 2898 qui
435 2840 513 2881 sunt
538 2841 573 2878 in
593 2838 829 2892 dignitatibus
853 2838 912 2877 seu
937 2837 1179 2890 personatibus
1196 2838 1253 2878 seu
1280 2842 1316 2878 in
1335 2839 1436 2880 sacris
1455 2839 1644 2879 ordinibus
1664 2840 1869 2880 constituti,
1895 2838 1963 2876 hoc
1982 2837 2101 2878 edicto
2120 2848 2292 2890 perpetuo
2309 2835 2375 2874 fibi
2414 2837 2422 2842 ⁴

345 2900 512 2938 noverint
529 2894 741 2937 interdicta,
769 2894 813 2932 ita
831 2892 931 2945 quod
951 2893 1046 2931 nulia
1064 2892 1210 2944 persona
1228 2895 1450 2935 ecclesiastica
1468 2898 1504 2936 in
1525 2895 1700 2946 dignitate
1721 2894 1778 2933 seu
1797 2889 1983 2945 personatu
2006 2897 2039 2930 δι
2061 2898 2096 2931 in
2117 2891 2218 2931 sacris
2237 2891 2375 2932 ordini-

345 2953 413 2993 bus
434 2950 647 2991 constitura.
673 2962 754 2987 cum
775 2950 881 2986 armis
901 2948 954 2986 vel
973 2947 1044 2985 fine
1062 2951 1168 2986 armis
1187 2948 1256 3001 ipsa
1273 2964 1439 2990 exerceat.
1505 2954 1546 2990 Et
1563 2949 1589 2989 fi
1605 2961 1728 2988 contra
1755 2947 1891 2997 fecerit,
1926 2947 2163 2986 anathematis
2189 2946 2373 2986 vinculum

282 3018 291 3026 *
345 3019 393 3049 ω
414 3005 490 3060 ipso
508 3007 678 3046 incurrat,
696 3001 961 3043 absolutionem
978 3015 1056 3042 tum
1072 3016 1200 3043 eorum
1218 3004 1385 3059 episcopo
1403 3006 1689 3058 metropolitano
1705 3016 1743 3042 ac
1760 3003 1837 3041 aliis
1856 3000 2029 3057 episcopis
2047 3001 2280 3044 reservamus.

252 3079 348 3139 (38)
373 3078 429 3119 Et·
452 3088 454 3094 ’
507 3073 596 3127 (39)
627 3072 700 3116 vel·
